4009 6375
298 217 386 253 ,ιο

246 374 314 438 isit

248 490 322 563 poris
336 486 394 559 eius
407 492 522 541 mortem
545 481 660 538 loturam
673 520 681 548 ,
696 474 825 534 indicarit
837 479 926 528 autem
940 470 1040 524 misero

244 590 273 637 et
283 576 436 651 peccatori;
452 572 643 645 congruentius
659 568 796 637 creditur,
812 566 908 619 timore
931 572 1041 631 quoque

243 670 340 728 mortis
358 682 419 725 curn
434 666 557 722 cruciare
572 662 708 726 uoluisse,
722 660 803 716 etiam
818 657 869 711 istu
885 653 987 709 seilicet
997 650 1041 707 di-

243 774 327 833 ssnum
345 758 467 831 judicans
483 770 543 812 esse
565 760 708 809 tormento.
725 748 759 807 tn
780 748 851 803 enim
866 743 965 800 clamat
984 742 1042 811 ipsa

245 861 354 919 natura,
367 850 427 921 plus
444 863 518 905 mors
530 844 672 911 metuitur,
683 856 763 913 quam
779 840 902 895 labores:
918 835 1042 890 laborant

243 946 344 1016 quippe
355 954 449 998 omnes
462 938 584 995 bomines
595 952 628 992 ne
640 937 796 999 moriamur,
811 929 834 986 si
847 930 885 985 eis
896 927 956 983 talis
969 924 1043 995 optio

245 1042 421 1107 proponatur,
438 1039 467 1086 ιιι
478 1029 604 1087 continuo
618 1026 783 1090 moriantur,
798 1022 821 1077 sl
832 1035 884 1075 non
902 1017 1044 1074 laborare·

244 1124 302 1180 rint
315 1140 323 1178 ι
337 1120 548 1195 quotusquisque
568 1127 657 1173 autem
675 1114 825 1185 reperitur,
840 1110 885 1181 qui
898 1108 966 1165 mori
987 1120 1043 1161 rna·

245 1213 287 1281 lii,
302 1228 382 1284 quam
396 1210 534 1267 ianonret
548 1208 668 1278 Denique
681 1206 737 1275 ipse
746 1202 832 1259 Adam
847 1214 895 1271 ρετ
909 1206 947 1254 tet
957 1210 1052 1252 antios-

246 1303 341 1359 maluit
361 1302 499 1366 laborare,
519 1312 598 1370 quam
616 1310 669 1351 non
691 1292 836 1351 laborando
854 1298 882 1346 et
900 1289 1045 1343 iamemo·

244 1392 342 1449 riendo
360 1391 441 1446 ιίιιιιιι
456 1389 534 1444 siumi
554 1396 582 1443 ει
595 1387 713 1442 laborem
733 1384 819 1437 linire.
832 1378 899 1436 Nam
918 1393 971 1449 quo
991 1376 1044 1433 aiio

246 1496 326 1539 senisu
340 1479 453 1536 naturali
467 1479 548 1534 etiam
561 1476 628 1533 Cain
642 1476 701 1546 plus
715 1482 828 1528 mortem
844 1470 947 1535 timuit,
962 1480 1043 1537 quum

246 1570 386 1627 laboremi
400 1568 458 1637 Quo
471 1568 525 1623 aiio
546 1582 627 1622 sensu
642 1578 691 1636 per
712 1577 765 1618 non
785 1561 874 1631 iniqua
892 1572 944 1614 nce
963 1556 1046 1611 inlau-

247 1660 434 1731 manajudicia
445 1700 453 1727 ,
465 1658 568 1713 ntinora
587 1656 699 1711 crimina
713 1654 805 1709 labore
815 1650 967 1718 metallico,
984 1662 1044 1701 ma-

245 1752 305 1823 jora
328 1758 413 1807 morte
429 1748 533 1821 judices
550 1744 692 1802 damnanti
703 1743 779 1801 Uude
804 1750 894 1799 numm
912 1746 1045 1811 martyres

246 1852 321 1899 tauta
339 1840 423 1913 gioria
442 1838 640 1913 praedicantur,
655 1834 726 1906 quod
750 1848 799 1904 pro
819 1830 923 1905 justitia
943 1828 1045 1885 mortui

245 1941 327 2002 suni,
342 1932 394 1989 nisi
414 1931 477 2003 quia
495 1930 582 2000 maior
600 1929 685 1983 rirtus
697 1934 741 1982 est
762 1937 877 1981 mortem
886 1938 1042 1995 spernere,

245 2038 326 2095 quam
341 2022 478 2079 laborem?
493 2021 605 2089 Propter
619 2016 689 2087 quod
706 2030 759 2071 uou
772 2016 810 2070 ait
821 2015 951 2071 Dominus
963 2054 972 2083 ,
986 2030 1045 2067 aar·

242 2114 328 2183 jerem
341 2113 488 2167 ειιατιιαιετιι
499 2124 573 2164 nemo
586 2107 669 2174 buia,
680 2120 759 2179 quam
772 2114 800 2161 ut
808 2105 928 2173 laboret3
945 2103 1004 2171 sed,
1017 2113 1045 2157 ιιι

247 2206 360 2261 animam
372 2220 446 2259 ιιιιιιιι
464 2210 543 2273 ponat
556 2216 603 2273 pro
612 2200 700 2254 amida
715 2198 768 2254 mis
779 2195 868 2272 (doen.
883 2212 932 2263 xv,
946 2195 1002 2269 ia).
1015 2194 1044 2251 st

245 2308 312 2369 (rgo
334 2295 421 2366 major
437 2302 485 2359 cst,
495 2290 611 2347 ebaritas
636 2288 722 2354 mori,
745 2302 825 2358 quam
846 2288 969 2343 laborare
995 2301 1045 2357 pro

243 2386 361 2452 amieisp
375 2385 436 2455 quis
449 2394 503 2438 tam
517 2394 607 2437 eacus
618 2387 660 2435 est
672 2420 680 2447 ,
694 2386 723 2433 ut
735 2392 790 2433 raon
810 2377 899 2433 rideat
912 2378 1045 2432 minorem

248 2488 355 2545 prauam
372 2473 469 2529 laboris
491 2483 648 2540 essequam
670 2468 764 2523 ntortis
776 2467 787 2520 i
800 2468 854 2521 aut
864 2465 886 2520 si
910 2466 970 2537 plus
993 2466 1046 2521 bo·

249 2580 295 2621 mo
317 2564 400 2621 debet
420 2564 539 2619 laborem
562 2568 793 2629 metuere,quam
818 2565 953 2624 mortem3
979 2572 1045 2629 quo-

248 2657 329 2714 modo
370 2672 423 2713 non
454 2665 497 2712 est
527 2654 626 2711 misera
656 2654 714 2723 ipsa
747 2662 864 2716 natura,
894 2666 955 2721 qum
985 2651 1046 2722 plus
1089 2665 1092 2672 ·

247 2756 361 2803 ritortem
383 2748 488 2813 metult,
514 2760 594 2816 quam
617 2742 759 2801 laboranti
780 2742 814 2797 Ei
832 2750 859 2797 tu
883 2742 933 2796 ista
961 2742 1045 2795 rien·

245 2840 388 2910 cogimus,
416 2837 485 2892 dieis
509 2836 623 2892 iudicata
648 2834 698 2891 sibi
725 2848 773 2887 sua
800 2840 889 2887 morte
909 2831 1045 2887 nutatim-m

246 2918 436 2999 consuliture,
455 2944 490 2985 ue
510 2942 587 2984 suum
608 2927 727 2983 laborem
753 2934 860 2996 putaret
879 2933 1010 2980 artemium
1037 2942 1044 2979 ι

248 3034 321 3089 cunt,
347 3021 371 3077 si
396 3029 514 3077 restrum
548 3016 644 3089 dogma
661 3032 754 3073 rerum
782 3024 864 3083 esset,
887 3030 941 3087 quo
967 3014 1046 3069 aiiin

247 3116 330 3169 raiatia
354 3110 450 3179 Adara,
480 3110 585 3167 etiamsi
608 3126 663 3166 non
685 3113 833 3179 peccasset,
861 3107 944 3163 luisse
963 3106 1046 3163 mori·

250 3215 358 3273 turum,
372 3211 512 3274 propterea
536 3201 588 3256 boe
610 3200 650 3255 itti
670 3199 840 3256 indicandum
863 3213 918 3254 nou
939 3197 1044 3267 inisset,

249 3304 395 3366 antequam
417 3295 548 3364 inciperet
567 3307 647 3364 poena
666 3290 846 3348 damnationis
860 3289 998 3362 siligine
1011 3291 1045 3346 ii·

248 3388 304 3442 lum
327 3387 401 3442 Deus
423 3384 577 3456 priusquam
602 3392 750 3456 peccasset,
763 3383 857 3438 mortis
875 3381 972 3439 timore
991 3373 1062 3438 ior,

245 3485 359 3548 queram
374 3485 437 3534 iutrc
448 3485 548 3540 autem,
562 3491 623 3532 eum
636 3476 703 3546 jam,
719 3485 892 3548 posteaquam
911 3476 1043 3546 peccarit,

185 3595 197 3618 .
249 3583 330 3640 paena
352 3567 538 3640 dignissimum
556 3567 705 3638 judiearet,
725 3567 856 3624 indicaret
881 3567 961 3623 etiam
984 3581 1046 3624 ease

250 3663 428 3728 ntoriturum,
443 3667 473 3715 ιιι
490 3659 613 3717 eanrdem
636 3661 742 3730 ριιιιιιιτιι
764 3659 835 3717 bens
855 3659 958 3730 iustas,
982 3658 1045 3715 mali

243 3751 324 3808 ultor
343 3751 465 3817 admissi,
479 3751 561 3808 etiarn
575 3752 671 3807 timore
683 3751 776 3807 mortis
789 3757 910 3822 augeret.
919 3750 1046 3822 Quisquis

242 3843 331 3914 igitur
340 3842 399 3900 baec
412 3842 460 3899 liei
472 3843 565 3908 rerba,
578 3843 676 3914 quibus
688 3849 729 3898 est
739 3841 847 3912 punitus
857 3839 952 3907 adam,
963 3855 1045 3912 quan·

249 3938 285 3990 do
305 3935 406 3990 dietum
429 3943 482 4001 esi,
499 3935 577 3990 Terra
590 3949 627 4002 er,
644 3943 666 3988 ει
679 3935 705 3987 ia
719 3933 882 4000 cerauriia,
896 3931 1044 3989 secundum

250 4025 331 4081 iidem
345 4025 503 4081 camoiierrn
526 4026 660 4096 inteiligit,
675 4039 725 4082 nee
746 4025 804 4080 ruit
827 4023 995 4080 introducere
1018 4024 1045 4078 iu

250 4113 404 4186 paradisum
418 4115 540 4186 corporis
550 4123 662 4172 mortem
678 4116 828 4186 praecipuo;
844 4129 879 4171 ue
893 4115 1045 4171 introducat

251 4213 280 4260 oi
299 4205 420 4271 morbos,
443 4221 558 4276 quorum
582 4205 728 4261 miserabili
750 4206 879 4260 rarictate
899 4206 1046 4260 morientes

248 4296 373 4354 uidemus
386 4296 479 4368 aissiqi,
499 4304 527 4353 et
547 4298 699 4367 paradisum
724 4306 823 4352 sanctae
844 4297 997 4367 voluptatis,
1012 4311 1045 4354 ac

251 4391 399 4462 spiritualis
412 4398 440 4447 et
452 4390 600 4462 corporalis
614 4388 758 4458 ieiicimtis,
773 4389 815 4444 cui
829 4403 879 4444 ros
893 4405 947 4445 non
963 4388 1046 4462 pudet

241 4497 312 4542 ¹esse
322 4485 485 4552 corttraries,
501 4483 649 4552 doloribus,
665 4482 811 4550 laboribus,
826 4483 1046 4538 ntoeroribusinr-

241 4577 326 4648 plere
339 4587 465 4647 cogatur:
481 4576 552 4632 sicut
563 4589 613 4631 voa
624 4573 762 4648 cogimini,
777 4585 828 4629 nec
849 4573 974 4629 invenitis
993 4587 1045 4643 qua

250 4667 328 4724 exire
342 4668 457 4738 possitis,
474 4667 601 4740 quamdiu
619 4675 673 4723 mm
694 4666 806 4739 impium
825 4666 922 4738 dogma
942 4675 1046 4723 mutare

240 4771 308 4815 'tion
323 4758 405 4814 ruitis
416 4777 423 4814 :
435 4758 480 4830 qui
492 4774 566 4831 ergo,
580 4767 609 4815 ui
621 4758 687 4828 diri,
701 4759 759 4814 irasc
782 4758 828 4814 bei
850 4758 932 4816 rerba
946 4771 1045 4816 meuri-

251 4849 316 4906 dum
330 4851 488 4906 mtbolicam
498 4851 609 4921 suscipit
623 4858 651 4906 et
663 4849 787 4920 intelligit
800 4848 896 4916 ddem;
910 4852 1046 4906 sicrrtcer·

250 4943 293 4999 ιιῐι
305 4957 412 5014 prauam
428 4941 528 4998 laboris
546 4943 575 4997 in
596 4955 630 4997 eo
649 4939 721 5010 quod
735 4941 836 4995 dictum
847 4947 898 5005 est,
911 4937 1047 4994 inardere

251 5033 456 5109 [ministratrice
469 5049 558 5105 partem
565 5041 637 5088 ιιιιιιιι
644 5049 654 5099 ,·
669 5029 705 5088 ita
717 5045 824 5103 pteram
836 5029 923 5088 centii
933 5038 962 5086 et
970 5043 1045 5086 mor·

254 5127 289 5184 tis
302 5127 328 5182 iu
341 5141 375 5182 co
387 5124 457 5197 quod
473 5123 603 5195 sequitur,
617 5123 707 5180 Donec
718 5121 852 5179 reperieris
864 5121 891 5177 br
911 5131 1006 5177 ιιττιιιι
1015 5121 1047 5176 rie

251 5235 303 5290 prm
312 5227 426 5289 sumptos
435 5231 478 5280 es;
490 5215 553 5273 ouis
564 5223 629 5272 terra
652 5232 689 5282 er,
704 5225 728 5272 rt
737 5205 871 5272 interram
883 5214 931 5271 teir
944 5229 996 5272 :ac
1008 5216 1047 5271 sie

253 5308 349 5377 accipit
361 5305 473 5371 dictum,
490 5315 615 5378 tanquam
628 5305 773 5376 diceretur,
788 5306 845 5379 ligo
856 5306 963 5378 quidem
977 5306 1047 5363 tede

238 5409 324 5455 ¹terra
339 5399 452 5472 ιιιιιιριι,
465 5406 493 5456 ει
507 5397 643 5456 bominem
658 5398 707 5455 ieci
719 5413 727 5467 ;
740 5407 769 5454 et
782 5399 872 5470 utique
886 5401 960 5471 potui
973 5397 1047 5453 iaco-

240 5499 337 5558 ’τε,ιιι
358 5493 452 5549 eadem
477 5501 547 5548 terra
571 5507 650 5564 quam
671 5493 805 5548 virentem
827 5492 889 5560 ieci,
909 5505 1046 5561 nunquam

253 5591 395 5656 crqerctur
407 5584 461 5640 rita
484 5599 577 5642 carere
590 5600 672 5657 quam
683 5583 763 5652 dedi;
777 5583 826 5640 sed
838 5585 900 5657 quia
920 5593 990 5641 terra
1003 5599 1045 5652 cs,

145 5747 151 5756 1
255 5673 282 5731 id
295 5685 346 5743 est,
359 5675 505 5732 secundum
524 5691 632 5734 carnem
652 5691 714 5749 quac
728 5675 761 5732 de
780 5685 852 5733 terra
872 5689 978 5751 sumpta
993 5689 1045 5746 est,

287 5807 296 5837 ¹
309 5805 425 5858 immun
436 5806 488 5861 irasc
499 5820 592 5872 nrqaus
602 5807 728 5860 exciderat
739 5811 765 5859 in
776 5809 844 5860 lituis
857 5809 937 5861 editis.

574 364 697 427 orbais
714 357 921 421 turbassent
939 352 1078 413 cori'r‘ita
1096 354 1276 423 abulabat,
1295 354 1324 414 S.
1345 356 1530 415 auoustmt

1803 363 1868 422 teti

1095 482 1149 523 nen
1158 469 1303 524 seeundum
1317 482 1371 536 me,
1380 470 1424 540 qui
1438 479 1465 527 te
1474 470 1509 527 de
1519 478 1590 527 terra
1603 470 1716 541 smnpsi,
1728 472 1816 532 risere
1829 492 1872 533 ro·

1093 560 1181 629 luisti;
1198 560 1331 617 laborabis
1349 562 1377 617 in
1393 572 1473 630 terra,
1488 561 1575 619 donec
1597 564 1737 621 revertaris
1753 564 1780 622 in
1799 583 1872 639 ειιιτ,

1094 661 1121 707 ct
1133 652 1193 709 idco
1206 653 1350 709 reverteris
1362 654 1389 709 iu
1403 662 1512 721 terram,
1534 654 1595 725 quia
1617 662 1688 711 terra
1710 670 1755 723 es;
1771 666 1798 713 ei
1807 659 1873 731 justa

1095 758 1172 814 poena
1193 744 1244 799 ibis
1263 746 1289 800 in
1311 752 1410 801 terram
1424 744 1458 801 de
1476 761 1528 816 qua
1550 745 1635 801 lactus
1648 762 1689 814 es,
1703 748 1763 819 quia
1775 750 1872 820 spiritui

1095 853 1149 893 ιιοιι
1164 838 1278 894 obedisti
1290 853 1306 892 a
1320 854 1373 909 quo
1396 836 1482 894 iaetus
1505 852 1545 894 es.
1565 838 1619 895 iste
1642 840 1790 897 intellectus
1800 856 1874 902 saum

1095 941 1175 1002 atquc
1189 930 1336 987 catholicus
1349 931 1481 1002 praecipue
1495 930 1558 987 inde
1568 931 1747 1002 etiguoseiiur,
1756 933 1816 1003 quia
1825 950 1873 992 nrm

1095 1022 1168 1093 cogit
1180 1023 1313 1078 mortibus
1326 1022 1438 1093 implere
1449 1032 1548 1078 terram
1562 1022 1718 1087 uiuentium,
1731 1030 1875 1097 terramque

1095 1114 1211 1172 felicium
1224 1118 1300 1172 malis
1309 1116 1432 1172 omnibus
1440 1116 1657 1172 laboriosissimis
1669 1125 1697 1172 ει
1709 1118 1873 1189 gravissimis,

1095 1223 1155 1279 qum
1169 1207 1291 1265 immines
1305 1209 1331 1265 in
1355 1210 1406 1264 boe
1425 1222 1538 1279 corpore
1559 1209 1724 1280 corruptibili
1739 1211 1873 1279 patiuntur,
1975 1261 1978 1272 ,

1096 1308 1124 1355 ει
1146 1315 1178 1355 ea
1197 1315 1249 1355 non
1264 1298 1375 1356 ierendo
1389 1309 1418 1355 ut
1432 1300 1580 1356 moriantur
1593 1307 1731 1371 urgentur.
1742 1300 1798 1357 lion
1811 1304 1875 1359 cuim

1095 1391 1206 1463 potestis
1228 1391 1329 1459 dicere,
1352 1390 1450 1447 irnitcr
1472 1390 1595 1447 immines
1616 1390 1642 1447 in
1662 1392 1786 1462 paradiso
1803 1394 1876 1449 luisse

1096 1483 1251 1551 morituros,
1265 1483 1288 1537 si
1301 1498 1382 1539 nemo
1392 1493 1529 1554 peccasset
1540 1499 1547 1538 :
1558 1484 1620 1553 quia
1633 1492 1661 1538 ct
1673 1483 1725 1539 iroc
1736 1495 1825 1540 contra
1834 1502 1876 1543 ros

1096 1580 1146 1630 est.
1167 1574 1196 1629 Si
1209 1575 1280 1632 enim
1303 1581 1367 1630 tune
1388 1574 1485 1631 leniter
1511 1584 1692 1641 morerentur,
1709 1584 1737 1632 ct
1751 1556 1876 1633 nunciam

1096 1682 1190 1741 aspere
1202 1668 1363 1735 moriuntur,
1381 1683 1429 1739 ρετ
1449 1677 1589 1739 peccatum
1602 1669 1718 1724 bominis
1729 1678 1825 1726 mutata
1839 1681 1877 1726 esi

1096 1760 1312 1817 bumauanatura
1325 1760 1413 1832 :quod
1423 1776 1471 1817 rus
1484 1770 1623 1833 negantes,
1634 1769 1827 1833 consequenter
1835 1778 1876 1819 co·

1095 1852 1187 1925 pimini
1203 1853 1269 1909 tales
1281 1853 1391 1907 omniuo
1404 1863 1514 1921 mortes,
1531 1853 1623 1925 «proles
1646 1869 1717 1909 rrunc
1741 1862 1810 1920 suut,
1822 1855 1878 1910 ioco

1096 1946 1167 2001 iliius
1191 1954 1270 2000 tauta·
1293 1944 1425 2001 ielicimtis
1444 1954 1472 2002 ci
1490 1946 1669 2017 jucunditatis
1687 1946 1877 2013 immitterc;ac

1096 2052 1145 2107 per
1166 2035 1218 2092 hoc
1239 2046 1267 2092 ei
1290 2036 1493 2096 iunttmerabiiia
1521 2055 1620 2113 genera
1641 2038 1805 2107 morborum,
1830 2048 1877 2093 tarra

1096 2134 1200 2201 gravia,
1217 2142 1325 2203 tamque
1338 2133 1570 2203 irrtoicrabilia,ut
1584 2133 1624 2188 eis
1635 2132 1759 2188 immines
1770 2131 1879 2201 compcl-

1096 2220 1187 2279 iautur
1199 2224 1226 2280 in
1238 2237 1363 2283 mortem.
1378 2226 1443 2295 Quae
1456 2226 1571 2299 paradisi
1591 2225 1676 2282 iacies
1698 2224 1721 2281 si
1733 2233 1832 2281 restras
1843 2222 1879 2276 la·

1096 2313 1151 2368 cies
1172 2314 1261 2385 aliquo
1282 2316 1383 2387 pudore
1403 2316 1537 2389 perfundit
1561 2325 1640 2387 atque
1664 2314 1816 2381 conirrndi13
1837 2312 1878 2386 qui

1097 2422 1151 2462 non
1164 2408 1243 2464 vultis
1255 2410 1377 2465 coniiteri
1391 2418 1508 2466 nostiam
1522 2424 1570 2480 per
1582 2416 1721 2482 peceatum
1735 2406 1828 2462 mutari
1837 2424 1879 2477 po·
1976 2399 1977 2408 ¹

1098 2492 1180 2555 tntae
1192 2508 1326 2568 naturam,
1341 2510 1457 2556 uestram
1478 2500 1565 2571 potius
1586 2509 1689 2555 mutate
1709 2497 1875 2561 sententiamp

1097 2597 1125 2643 ot
1138 2603 1237 2659 corpus
1258 2601 1392 2646 rtuortuum
1409 2602 1518 2661 propter
1533 2602 1671 2663 peccatum
1686 2606 1746 2647 cum
1760 2589 1879 2660 apostolo

1097 2681 1262 2736 cotaiiiemini
1276 2682 1364 2751 (Rotas.
1380 2699 1435 2750 riti,
1451 2683 1495 2755 iti)
1508 2702 1514 2737 :
1526 2683 1606 2738 diciic
1621 2698 1683 2738 cunt
1698 2681 1814 2739 Ecclesia
1827 2682 1878 2748 Dei,

1096 2769 1236 2828 Arrrrrliere
1254 2774 1356 2828 initium
1377 2775 1473 2846 saciant
1492 2784 1529 2829 eat
1549 2783 1660 2846 percuti,
1673 2783 1805 2846 eapropter
1814 2772 1880 2826 iilum

1097 2862 1220 2916 arorimur
1241 2880 1326 2918 otrmea
1347 2862 1445 2938 (Eccii.
1457 2882 1520 2931 xxv,
1533 2865 1590 2936 53).
1605 2866 1751 2937 agnoscite
1764 2880 1821 2920 etim
1837 2865 1880 2917 ile·

1096 2950 1179 3006 cirsia
1204 2952 1261 3019 Dei,
1276 2954 1337 3023 quia
1362 2971 1454 3025 corpus
1477 2955 1641 3027 corruptibile
1675 2963 1796 3029 ιιρρτιιιιι
1827 2954 1880 3008 nai·

1098 3058 1165 3095 orara
1179 3041 1256 3115 (Sap.
1268 3058 1307 3109 ιι,
1325 3042 1380 3117 tii).
1391 3044 1450 3101 Non
1467 3047 1538 3102 enirn
1553 3056 1616 3103 amc
1630 3057 1769 3117 peccatum
1789 3046 1814 3102 in
1834 3060 1879 3115 pa·

1098 3133 1187 3190 rudiso
1210 3134 1262 3191 ute
1287 3145 1345 3192 erat
1362 3150 1478 3209 corpus,
1493 3148 1523 3194 ut
1546 3139 1592 3195 iiio
1610 3139 1701 3195 anima
1724 3145 1879 3211 grararcmr.

1099 3227 1211 3283 Caritate
1220 3242 1281 3285 oum
1291 3229 1410 3286 Ecclesia
1419 3230 1485 3288 Dei:
1500 3231 1583 3288 licam
1593 3234 1700 3289 cordiali
1708 3233 1797 3289 araldi
1806 3232 1881 3304 [ιιιιιι

1098 3328 1145 3383 ert,
1161 3319 1215 3374 dier
1226 3320 1282 3391 rjus
1296 3321 1364 3377 relat
1378 3322 1468 3377 ambro
1483 3334 1634 3396 preteream
1643 3324 1730 3400 (Psoi.
1742 3338 1832 3390 exsut,
1845 3321 1880 3390 li.

1097 3408 1189 3480 licque
1201 3412 1273 3466 enim
1285 3413 1330 3484 qui
1348 3412 1437 3470 estad
1455 3414 1658 3472 similitudinem
1673 3416 1722 3472 bei
1741 3415 1832 3483 iactus,
1843 3417 1882 3474 de·

1098 3508 1140 3555 ret
1163 3499 1215 3557 nisi
1238 3517 1287 3572 per
1310 3512 1448 3574 peecatum
1473 3504 1569 3563 similis
1591 3508 1713 3578 sanitati,
1728 3517 1757 3565 ιιι
1781 3519 1882 3566 etatum

1098 3606 1179 3649 crtrsu
1188 3603 1216 3648 et
1229 3595 1323 3650 mortis
1337 3596 1457 3664 incursu,
1470 3599 1542 3655 uelut
1555 3600 1649 3656 umbra
1664 3601 1724 3658 dies
1739 3603 1809 3660 iilius
1818 3618 1882 3674 pre·

1099 3685 1221 3741 terirent.
1232 3685 1319 3744 Nolite
1331 3689 1383 3746 iaci
1402 3691 1581 3748 serenissima
1594 3693 1718 3751 rerirttis
1736 3694 1823 3752 nobba
1840 3708 1881 3749 ue·
1933 3701 1940 3714 ‘

1098 3781 1147 3835 stri
1159 3781 1261 3837 erroris
1270 3781 1409 3863 offundere
1419 3800 1427 3837 t
1439 3784 1594 3854 paradisum
1602 3785 1649 3843 bei
1661 3787 1745 3843 corda
1760 3785 1880 3851 bdelium,

1098 3887 1178 3943 quem
1205 3871 1303 3930 debent
1326 3888 1428 3943 amare,
1449 3890 1503 3930 non
1522 3875 1621 3932 debent
1640 3879 1797 3934 antaricara.
1819 3875 1882 3944 Quid

1097 3962 1170 4019 enim
1182 3978 1232 4018 ros
1245 3963 1366 4032 oilendit,
1376 3965 1500 4034 obsecro,
1515 3965 1579 4038 quid
1591 3983 1639 4022 ros
1651 3967 1763 4025 olicndit
1776 3968 1819 4025 illc
1830 3983 1883 4022 nte·

1098 4055 1235 4112 morabilis
1247 4057 1387 4113 beatorum
1405 4066 1434 4112 ct
1444 4059 1595 4130 quietorum
1605 4059 1690 4129 locus,
1706 4070 1736 4117 ut
1749 4076 1809 4118 cum
1818 4075 1883 4116 mor·

1099 4146 1170 4202 tibus
1191 4146 1341 4216 bominum,
1357 4157 1384 4203 et
1406 4163 1454 4220 ρετ
1478 4147 1525 4205 bas
1549 4151 1627 4206 maiis
1648 4152 1775 4208 omnibus
1794 4150 1883 4223 quibus

1098 4235 1236 4292 abundare
1244 4237 1379 4294 acerrimus
1387 4241 1524 4310 angustias
1534 4241 1762 4314 necessitatesque
1775 4241 1884 4296 morior·

1100 4328 1176 4396 tium,
1192 4327 1276 4384 oculis
1297 4328 1412 4395 clausis,
1435 4329 1523 4386 irome
1542 4330 1786 4403 impudentissima,
1800 4340 1883 4388 mento

1099 4421 1323 4494 pertinacissima,
1339 4422 1429 4494 linqua
1449 4423 1648 4495 loquacissima,
1661 4425 1750 4482 uelitis
1761 4424 1881 4496 impiere:

1098 4530 1134 4569 ne
1155 4513 1286 4585 cogamini
1298 4514 1419 4571 oorrbteri
1433 4515 1460 4570 iu
1474 4515 1523 4573 bas
1536 4515 1673 4583 miserias,
1684 4515 1783 4588 quibus
1793 4511 1884 4571 ridetis

1099 4603 1225 4660 rciertum
1247 4619 1332 4677 genus
1359 4603 1504 4662 humanum
1525 4623 1541 4662 a
1564 4607 1696 4680 vagitibus
1718 4607 1883 4679 paruulorum

1100 4696 1231 4770 usquead
1244 4696 1378 4755 anltclitus
1390 4697 1600 4768 decrepitorum,
1614 4713 1663 4769 per
1676 4706 1815 4768 peccatum
1830 4710 1884 4750 ma·

1100 4788 1217 4844 ximum¹
1225 4787 1302 4858 primi
1317 4785 1434 4844 bominis
1446 4787 1590 4843 bantanam
1604 4787 1741 4844 corruisse
1755 4781 1884 4842 naturami

1100 4879 1133 4935 Et
1146 4881 1208 4950 qula
1228 4880 1355 4952 injustum
1378 4870 1438 4937 esse
1459 4879 1593 4950 respicitis
1606 4888 1748 4952 parentum
1760 4879 1787 4934 in
1801 4885 1884 4950 posto·

1099 4985 1145 5028 ros
1156 4972 1215 5028 sine
1235 4973 1312 5043 culpa
1333 4973 1446 5030 transire
1459 4988 1576 5043 ρσιιιιιιι,
1592 4973 1723 5029 transisse
1735 4968 1884 5029 concedatis

1098 5071 1127 5120 ct
1138 5064 1254 5135 cuipam.
1268 5063 1409 5120 llarituam
1429 5063 1528 5135 quippe
1547 5063 1654 5136 culpam
1673 5063 1754 5134 primi
1771 5059 1881 5117 bontiuis

1098 5157 1242 5224 exstitisse,
1254 5171 1333 5227 qnam
1345 5163 1375 5211 tu
1384 5164 1536 5226 propterea,
1546 5164 1674 5227 quantum
1685 5153 1805 5227 potuisti,
1816 5160 1885 5207 eric-

1099 5264 1184 5304 nuare
1206 5257 1318 5303 conatus
1336 5263 1375 5315 cs,
1390 5263 1425 5303 ne
1438 5256 1547 5318 propter
1561 5247 1633 5302 iliam
1645 5244 1801 5304 crederetur
1810 5253 1884 5299 natu·

1099 5357 1129 5397 ra
1140 5341 1254 5396 iturnana
1276 5341 1394 5412 potuisse
1414 5341 1512 5397 mutari
1525 5355 1606 5414 :erqo
1620 5340 1693 5396 iliam
1706 5339 1813 5412 culpam
1832 5351 1884 5392 ma·

1099 5418 1197 5490 rimam
1217 5429 1315 5497 luisse,
1332 5447 1386 5487 uon
1399 5431 1487 5486 solum
1502 5447 1552 5502 per
1566 5432 1637 5503 ipsas
1649 5429 1773 5486 miserias
1783 5425 1885 5501 pencris

1100 5523 1220 5594 humaui,
1233 5540 1294 5597 quas
1317 5523 1351 5580 ab
1369 5520 1509 5579 infantium
1533 5522 1672 5579 cunabulis
1689 5519 1830 5592 incipiunt,
1843 5531 1885 5571 rc·

1098 5631 1158 5672 rura
1167 5615 1247 5672 ctiam
1257 5629 1306 5688 per
1320 5623 1347 5670 ie
1358 5613 1445 5686 ipsum
1457 5614 1552 5684 probo.
1567 5613 1599 5668 iit
1609 5621 1638 5667 tu
1650 5611 1722 5668 euim
1733 5609 1761 5665 in
1773 5604 1884 5664 secundo

1132 5749 1358 5863 *melmaaimrmq
1375 5749 1399 5798 iu
1411 5745 1483 5798 <dida
1499 5745 1614 5798 ominum
1633 5741 1782 5796 restituimus
1798 5754 1829 5794 cx
1839 5749 1883 5790 nra

1102 5825 1191 5865 awti
1211 5827 1238 5862 lb.
1912 5823 1919 5834 “
