4009 6375
262 351 333 426 libb

259 479 353 542 postca
365 469 424 541 ejus
438 467 558 542 pcrdciet
571 468 713 526 sanitatem
730 485 738 525 ι
753 466 830 539 cuins
848 466 970 524 sanimtis
983 465 1056 521 futu·

261 575 299 616 rac
311 568 389 630 atque
403 568 539 630 perpetum
549 574 619 616 nrtnc
629 559 723 631 pignus
734 558 861 629 Spiritum
876 564 997 612 sanctum
1009 553 1057 611 dc-

256 651 301 706 ‘dit
313 650 324 724 (
335 651 355 707 tt
365 649 425 706 Cor.
439 667 467 719 r,
480 648 520 724 5),
534 665 673 724 perquem
686 648 841 706 diffunditur
850 649 877 704 iu
887 647 986 704 nostris
995 661 1057 704 cor-

260 741 339 798 dibus
350 741 466 798 ebaritas
478 741 567 814 (flora.
580 757 608 808 r,
621 741 663 815 tr),
675 747 705 797 ut
714 755 764 798 nos
777 739 811 797 ad
822 752 935 812 agonem
947 737 1055 796 interim

261 834 356 891 relicta
372 832 461 889 earnis
475 848 528 890 non
544 828 633 890 vincat
644 831 795 890 infirmitas.

296 921 462 980 cxxrtttt.
482 923 541 981 lna.
563 923 609 982 Sin
630 932 720 979 autem
743 924 785 979 bis
804 921 929 979 omuibus
950 922 977 977 iu
997 936 1053 990 eo,

261 1030 341 1087 quem
356 1017 532 1088 suscipiente
545 1027 651 1086 natura,
662 1014 756 1073 ordine
767 1015 996 1088 permanentibus,
1009 1015 1056 1072 ad·

261 1104 468 1177 hortationibus,
482 1109 575 1180 siguis,
589 1109 730 1180 exemplis,
745 1109 921 1181 promissione
936 1109 979 1166 rel
992 1125 1054 1164 nru-

263 1215 375 1269 uerum,
393 1202 436 1256 rcl
457 1216 615 1272 pmnrrum,
630 1201 664 1257 ad
678 1199 757 1259 tidem
772 1201 894 1256 rolnntas
907 1200 965 1256 sine
978 1185 1056 1258 indn-

261 1292 351 1348 ctiouc
364 1293 532 1350 necessitatis
544 1291 671 1362 allicitur,
687 1301 714 1350 ct
726 1292 783 1349 bac
795 1308 844 1366 per
863 1291 993 1360 instituta,
1007 1307 1056 1364 pet·

262 1385 403 1456 mysteria,
421 1401 468 1456 per
489 1385 576 1452 doua;
592 1402 645 1442 uon
659 1401 808 1457 oppressa,
823 1385 870 1442 scd
882 1395 1054 1458 exspectata,

264 1474 313 1531 scd
329 1475 423 1545 libera,
438 1477 486 1533 scd
502 1487 644 1549 provocata
659 1485 783 1543 curatum
797 1485 917 1548 apparet,
929 1485 956 1533 et
968 1477 992 1532 si
1002 1492 1057 1533 uno

254 1565 359 1641 'spiritu
369 1578 440 1627 totns
451 1571 566 1627 utendus
575 1572 618 1628 rel
629 1571 737 1642 rugiens
747 1571 790 1627 rel
803 1570 927 1626 rabiens¹
938 1569 1057 1642 retrage-

262 1672 325 1730 tttr,
353 1667 515 1722 uoluntatem
543 1665 771 1735 utriuscujusque,
792 1679 847 1720 non
869 1661 1054 1736 nativitatem,

262 1755 372 1812 tinctam
385 1757 532 1813 imitatione
546 1755 627 1812 fuisse
641 1757 754 1827 peccati.

298 1848 366 1906 ber.
383 1851 557 1921 Quacumque
570 1857 597 1904 te
619 1857 729 1913 vertas,
752 1848 786 1903 ab
800 1846 923 1919 originali
941 1855 1056 1919 peccato

263 1954 319 1996 non
331 1939 463 1997 alienabis
477 1941 605 2012 paruulos
617 1982 625 2010 ,
639 1940 690 1997 nisi
704 1955 751 1997 cos
763 1941 903 2012 negaveris
913 1951 1033 1998 mortuos
1047 1959 1055 1998 r

261 2032 332 2104 quod
345 2033 368 2088 si
384 2033 490 2099 feceris,
505 2043 639 2090 mortuum
654 2047 703 2104 pro
716 2033 757 2089 cis
768 2032 902 2090 Christum
915 2033 994 2089 simul
1007 2048 1056 2088 ue·

260 2123 336 2196 gabis
348 2139 356 2178 ι
367 2124 390 2179 si
404 2133 504 2193 autem,
516 2141 551 2181 ne
561 2123 613 2182 troc
624 2140 716 2198 neges,
730 2135 849 2182 mortuos
862 2126 984 2197 parrulos
996 2139 1058 2180 con·

262 2217 363 2284 literis;
375 2217 494 2289 profecto
507 2218 535 2273 in
548 2217 633 2275 Adam
645 2227 766 2275 mortuos
776 2233 831 2274 uon
847 2216 996 2291 negabis¹r
1012 2226 1058 2275 ant

262 2308 543 2372 mmMfflm

297 2401 441 2458 cxttttttt.
463 2400 524 2458 tus·
539 2401 667 2471 Quamuis
685 2401 765 2458 nimis
778 2403 895 2461 molliter
907 2403 1008 2477 egerim
1021 2403 1033 2436 ⁸
1048 2421 1055 2460 r

265 2494 316 2549 etsi
331 2493 403 2548 euim
413 2491 536 2548 Cirristus
546 2508 579 2548 er
591 2508 624 2550 eo
634 2508 689 2564 quo
701 2494 775 2550 uenit
786 2503 918 2566 tempore,
927 2493 1059 2552 uuirerris

262 2584 417 2643 bominibus
432 2584 575 2642 doceretur·
593 2595 623 2642 et
642 2585 694 2642 iter
705 2585 888 2643 interclusisse
901 2587 1012 2656 mortis,
1028 2597 1057 2647 et

262 2678 346 2734 ritant
358 2676 475 2734 donasse
485 2686 652 2750 perpetuam,
663 2688 693 2735 nt
703 2695 783 2736 nemo
795 2695 904 2753 prorsus
916 2697 948 2738 ex
960 2697 993 2740 eo
1003 2682 1057 2753 die,

263 2787 318 2846 quo
329 2771 451 2828 Verbum
465 2786 529 2828 caro
551 2771 649 2830 tactum
663 2780 715 2840 est,
731 2782 776 2830 aut
789 2773 816 2830 in
830 2783 969 2846 peceatum
982 2775 1058 2834 labe·

263 2873 348 2934 retur,
362 2873 407 2922 aut
422 2881 471 2936 pro
493 2874 604 2936 peccato
617 2871 724 2939 plenam
740 2858 860 2933 timeret;
873 2882 927 2924 non
940 2876 1028 2925 amen
1042 2885 1059 2926 a

263 2954 535 3029 eondtrtoue⁸prtme
544 2956 768 3030 iniquitatisque
777 2957 1060 3018 liberalitatisdoccre·

263 3055 309 3104 tur
330 3055 458 3104 extremm
474 3065 481 3103 r
497 3048 623 3121 qnoniam
641 3049 784 3107 subuenire
805 3067 859 3107 non
873 3052 1058 3122 merentibus,

263 3148 388 3214 potestat
398 3141 556 3211 soletbeus,
567 3157 629 3200 enm
639 3141 717 3200 landc
730 3142 895 3213 elementiae3
908 3145 1003 3219 punire
1011 3160 1060 3203 aa·

263 3241 318 3291 tent
330 3248 383 3291 non
396 3244 538 3306 peccantes
552 3250 605 3291 non
614 3243 713 3308 potest,
722 3235 781 3292 sine
792 3237 931 3294 eversione
937 3237 1066 3309 justitia.

299 3327 369 3385 Ana.
389 3326 457 3395 Quia
478 3342 543 3398 ergo
556 3324 631 3399 grani
643 3327 708 3399 iugo
728 3342 745 3383 a
760 3328 804 3385 dic
817 3329 904 3386 exitus
916 3329 952 3387 de
964 3338 1060 3388 uentre

264 3418 370 3482 matris,
383 3418 467 3489 puniti
480 3426 543 3473 sunt
557 3418 678 3487 pnrrnli;
691 3432 808 3490 agnosce
818 3419 934 3490 judicem
944 3420 1058 3493 iustum,

265 3518 292 3565 et
304 3508 434 3566 conluere
454 3509 583 3580 originale
595 3520 744 3581 peccatum.
761 3511 858 3567 Puruire
870 3512 941 3567 enim
960 3513 1060 3569 nullius

265 3600 366 3671 peccati
379 3600 503 3655 meritum
516 3599 656 3669 babentes,
668 3601 827 3656 sicutctiam
840 3601 898 3672 ipse
911 3600 1058 3671 confiteris,

265 3705 320 3747 non
334 3700 422 3761 potest
436 3692 494 3748 sinc
509 3693 649 3750 eversione
660 3692 781 3764 justitiae.

300 3782 380 3841 ext..
394 3784 455 3841 tue.
469 3784 586 3841 attende
598 3786 678 3857 igitur
690 3786 754 3857 quid
769 3786 912 3858 disputatio
926 3796 980 3845 tota
995 3804 1061 3847 eon·

262 3874 366 3930 leserit.
379 3875 407 3931 Si
427 3876 510 3947 gmtia
525 3874 625 3933 cbristi
639 3886 667 3934 ct
681 3878 747 3934 Adae
760 3880 838 3951 eulpa
852 3880 878 3935 in
894 3881 1007 3937 diversus
1020 3881 1059 3938 ef-

264 3964 377 4022 fectibus
389 3968 529 4037 aquattrer
542 3979 725 4039 censerentur,
738 3979 769 4027 ut
781 3972 823 4028 ret
838 3988 951 4031 numero
964 3991 1060 4047 opera·

264 4056 367 4114 tionum
379 4074 458 4134 pares
473 4069 573 4128 essent,
588 4078 649 4133 qnae
670 4065 856 4136 operationum
870 4082 970 4137 genere
980 4068 1060 4127 dissi·

264 4146 382 4217 debaut;
402 4150 553 4210 docendam
572 4162 651 4223 erat,
673 4156 753 4210 tantis
775 4158 905 4225 proluisse
927 4160 1058 4231 gratiam,

264 4242 372 4313 quantis
384 4244 462 4315 culpa
475 4245 636 4302 nocuisset:
658 4253 687 4302 ut
709 4247 879 4317 appensionis
901 4249 985 4316 illius,
1008 4267 1059 4323 qua

268 4333 484 4401 trutinabantur,
500 4336 612 4407 aequitas
625 4345 652 4393 et
664 4346 799 4393 momenta
814 4349 976 4396 constarent.
988 4340 1060 4399 Sub·

269 4426 362 4485 renire
383 4442 449 4500 ergo
460 4427 553 4484 debuit
575 4428 655 4485 etiarn
677 4430 731 4486 illis
751 4431 861 4487 omuino
875 4432 942 4489 loeis
955 4434 1060 4507 illisque

264 4522 384 4591 partibus
395 4523 537 4589 rtrmicina,
549 4522 645 4593 quibus
656 4522 793 4580 insederat
804 4526 950 4597 aegritud03
966 4527 993 4583 id
1006 4538 1057 4597 cst,

264 4610 287 4664 si
301 4610 401 4683 aliquid
414 4613 440 4667 in
456 4613 573 4671 motibus
587 4614 758 4686 genitalium,
773 4616 800 4671 in
814 4618 938 4673 sensibus
958 4634 1060 4676 coenra-

265 4702 342 4772 tium,
358 4704 384 4761 in
402 4705 568 4765 obscenitate
582 4706 781 4777 membrorum,
803 4707 830 4765 in
845 4709 998 4769 infelicitate
1013 4729 1061 4769 ua·

261 4796 418 4864 scentiam,
439 4800 580 4871 antiquum
601 4803 702 4858 crimen
723 4802 858 4873 effecerat,
875 4807 1059 4867 immutatione

263 4888 430 4962 tuorumque
445 4892 560 4951 dirimas
572 4937 580 4965 ‚
594 4896 712 4953 remedia
735 4900 891 4955 contulisset
914 4918 920 4956 :
941 4902 1059 4973 alioquin

265 4982 366 5056 mande
380 4985 562 5042 testimoninm
584 4988 725 5045 imbecillae
739 4990 821 5058 artis,
835 4991 954 5062 nihilque
968 4993 1060 5064 profu-

262 5085 350 5145 ture,
370 5092 422 5135 nee
435 5078 522 5133 locum
537 5080 702 5150 egritudinis
712 5082 856 5151 interiissc,
870 5091 898 5139 et
911 5084 1059 5156 larignenti·

269 5166 320 5224 bus
333 5168 488 5240 eversisque
502 5156 677 5241 naturalibus,
694 5172 789 5229 inertia
801 5174 813 5207 ⁸
831 5172 947 5232 lomeuta
960 5178 1057 5235 uolun-

261 5260 362 5315 tatibus
376 5259 537 5317 admovisse.

257 5387 261 5396 ·
299 5350 368 5407 bna.
387 5350 447 5407 lam
462 5364 621 5422 responsum
640 5361 691 5422 est,
714 5369 776 5411 cnm
797 5354 831 5415 de
849 5357 975 5416 distantia
986 5374 1057 5431 pre-

292 5489 305 5584 :
315 5488 417 5543 belm
430 5458 537 5549 mdiu.
549 5490 655 5557 rapiens.

252 5550 715 5727 'imminutiontiiffiwmniiss
723 5557 1055 5681 wamiam&

292 5734 624 5857 treatment:

293 5857 305 5893 ⁸
320 5864 386 5922 tiss,
394 5856 496 5913 berne.

602 349 726 411 OPERIS
743 347 947 408 tarantac'tt
966 346 1103 408 CONTRA
1120 345 1301 417 tllbldllilbf,
1320 345 1349 406 S.
1369 347 1554 410 saansaan

1828 356 1902 420 trtte

1110 463 1194 522 sentis
1208 472 1235 519 ct
1248 461 1328 518 futuri
1338 463 1427 520 sumti
1443 463 1525 521 locuti
1537 479 1630 545 snmus
1639 465 1747 540 (Sume,
1760 484 1837 543 capp.
1851 471 1902 540 bd,

1109 553 1153 622 at,
1170 555 1243 628 tou).
1260 554 1309 610 llic
1320 553 1390 612 enirn
1404 557 1549 636 accipimus
1564 575 1612 630 per
1626 561 1721 634 pignus
1734 562 1861 634 Spiritus,
1873 573 1902 621 et

1107 645 1228 705 certandi
1240 653 1267 702 ct
1280 645 1403 704 uincendi
1418 647 1491 704 uires
1503 664 1511 704 ι
1522 648 1559 705 ibi
1572 659 1670 717 autem,
1682 652 1740 710 sinc
1753 651 1830 710 lroste
1843 654 1902 712 ullo

1107 744 1218 794 exterum
1239 745 1266 818 et
1286 737 1403 816 interno,
1426 735 1554 822 ineffabili
1577 737 1633 822 bac¹
1648 742 1810 814 sempiterna
1830 757 1901 816 paee

1107 829 1283 904 perfruemur.
1299 829 1424 904 Quisquis
1443 845 1508 903 ergo
1530 831 1695 906 omniaque
1713 834 1750 891 ibi
1772 833 1900 894 habenda

1107 929 1180 989 stant,
1196 921 1239 978 bic
1257 921 1314 978 rntt
1332 919 1443 990 trabere,
1460 922 1538 979 fldem
1551 939 1583 984 se
1600 923 1699 982 tudima
1713 941 1767 982 noa
1786 925 1900 998 babere.

1142 1011 1232 1068 ctat.
1252 1010 1311 1070 tus.
1331 1011 1551 1070 Ostenditautem
1564 1015 1634 1072 inter
1645 1015 1822 1086 haeseritas,
1836 1020 1901 1092 quia

1107 1105 1157 1163 etsi
1180 1105 1319 1176 prodesset
1338 1105 1420 1162 effusa
1440 1107 1601 1178 generaliter
1622 1108 1756 1166 medicina
1780 1111 1901 1170 moribus

1107 1199 1205 1270 atque¹
1220 1197 1386 1264 mortalibus,
1404 1197 1457 1255 iltis
1470 1214 1576 1272 qnoque
1591 1202 1637 1274 qni
1649 1215 1708 1260 eam
1722 1203 1796 1262 nullo
1808 1203 1901 1262 studio

1106 1292 1223 1350 neentta
1236 1292 1385 1350 intentione
1398 1293 1574 1362 meruissenm
1589 1309 1643 1352 non
1664 1304 1752 1354 tamen
1769 1299 1901 1356 continuo

1107 1394 1215 1446 noceret
1233 1389 1312 1462 culpa
1332 1388 1512 1456 nascentibus,
1528 1389 1572 1462 qni
1587 1389 1653 1446 nibil
1671 1389 1706 1448 ad
1725 1406 1785 1450 eam
1806 1407 1903 1450 assen-

1106 1477 1191 1536 sionis
1202 1478 1345 1538 admorerc
1359 1479 1517 1552 potuissent.
1531 1481 1570 1538 Ae
1585 1495 1633 1553 per
1646 1481 1707 1549 troc,
1721 1481 1772 1538 etsi
1790 1483 1903 1555 aequalis

1106 1578 1188 1628 esset·
1198 1571 1289 1643 gratie
1302 1571 1458 1644 peccatique
1482 1571 1595 1639 tenerior
1610 1573 1730 1631 clarebat
1743 1582 1843 1644 mmen,
1867 1591 1904 1632 ne

1108 1672 1163 1722 tum
1186 1665 1293 1739 quidem
1313 1667 1444 1741 ejusmodi
1466 1667 1658 1740 appensionem
1679 1683 1712 1726 eo
1731 1683 1815 1742 nsque
1835 1684 1906 1726 eon-

1106 1766 1188 1827 stare,
1204 1759 1381 1832 utquisquam
1396 1760 1470 1818 nasci
1484 1759 1642 1833 probaretur
1654 1775 1726 1818 reus.

1143 1851 1212 1909 Ano.
1232 1851 1262 1908 ln
1283 1852 1331 1910 illo
1353 1852 1426 1924 graui
1447 1852 1522 1924 iugo,
1537 1865 1591 1924 quo
1611 1851 1692 1910 ctiam
1714 1853 1817 1924 paruuli
1836 1869 1902 1925 pre-

1108 1953 1226 2012 mnntnr,
1241 1943 1375 2016 quomodo
1389 1952 1430 2004 est
1441 1945 1529 2017 iustus
1543 1945 1628 2014 Deus,
1641 1945 1666 2002 sl
1678 1945 1767 2004 nultus
1781 1946 1905 2004 tremitur

1107 2035 1188 2093 renat

1104 2110 1108 2196 ζ
1143 2125 1243 2184 CXth.
1263 2125 1321 2184 tut..
1342 2125 1418 2184 Nune
1431 2133 1532 2196 antem,
1550 2141 1611 2184 cum
1625 2127 1770 2200 Apostolus
1788 2142 1841 2200 nou
1858 2143 1904 2184 so·

1108 2219 1164 2275 lum
1181 2235 1235 2276 non
1257 2219 1440 2291 postposuerit
1455 2219 1541 2290 cnlpae
1559 2219 1684 2290 gratiam,
1703 2233 1797 2274 rernm
1818 2218 1904 2277 etiam

1108 2310 1293 2384 praeposuerit,
1308 2309 1400 2366 dicens
1414 2309 1498 2366 multo
1512 2310 1539 2364 in
1554 2309 1644 2381 plnres
1656 2308 1808 2366 abundasse
1819 2307 1906 2366 bene

1108 2401 1179 2470 beia,
1194 2417 1273 2474 qnam
1291 2401 1433 2474 irrepsisse
1449 2399 1605 2474 dispendia3
1618 2415 1667 2474 per
1685 2399 1837 2474 opinionem
1852 2417 1906 2457 aa·

1109 2503 1163 2552 tem
1179 2495 1305 2561 traducis,
1321 2495 1405 2551 multo
1422 2493 1506 2566 magis
1519 2502 1624 2552 constet
1642 2493 1767 2550 nocuisse
1781 2501 1905 2564 peccata,

1109 2597 1189 2655 quam
1209 2583 1341 2655 proluisse
1359 2584 1470 2655 gratiam
1485 2581 1709 2640 :irrefutabiliter
1726 2580 1906 2653 approbatum

1109 2687 1160 2743 cst,
1175 2674 1325 2746 apostolum
1337 2672 1447 2730 Paulum
1459 2673 1525 2730 uilril
1542 2673 1660 2730 sensisse
1672 2672 1706 2730 tle
1721 2672 1840 2742 traduce,
1855 2673 1907 2731 sed

1110 2765 1168 2838 ejus
1180 2765 1314 2822 sententia
1326 2763 1508 2822 traducianos
1520 2779 1582 2821 cnm
1600 2761 1754 2821 llanicbeis
1766 2762 1907 2836 magistris

1109 2859 1165 2916 suis
1179 2857 1371 2930 pariterluisse
1385 2858 1546 2914 destructos.

1145 2952 1213 3011 Auo.
1232 2948 1291 3008 lton
1304 2949 1374 3006 dixit
1389 2949 1526 3021 apostolus
1538 2947 1648 3016 Paulas,
1666 2947 1778 3006 «multo
1799 2947 1827 3004 in
1840 2947 1907 3021 pla-

1110 3043 1155 3100 rei
1176 3040 1328 3100 abundasse
1352 3041 1498 3108 beneficia,
1523 3055 1604 3112 quam
1626 3039 1769 3113 irrepsisse
1791 3041 1907 3114 dispen-

1110 3132 1198 3192 diarr
1221 3149 1274 3193 non
1295 3134 1347 3193 boc
1365 3133 1448 3201 disit3
1466 3121 1575 3213 prorsus
1591 3132 1700 3201 falleris,
1723 3133 1748 3191 si
1768 3132 1826 3207 ipse
1848 3147 1907 3192 non

1112 3227 1193 3285 fallis.
1208 3227 1291 3285 flulto
1310 3229 1396 3301 magis
1409 3230 1481 3296 enim
1498 3227 1651 3286 abundasse
1668 3228 1781 3302 gratiam
1795 3226 1863 3285 dixit
1876 3230 1907 3287 in

1111 3320 1220 3389 multos,
1241 3334 1296 3376 nou
1309 3320 1337 3376 in
1351 3320 1436 3393 magis
1450 3320 1564 3388 muttos;
1579 3319 1628 3376 sed
1643 3320 1728 3393 magis
1740 3320 1906 3379 abundasse.

1111 3412 1139 3471 ln
1158 3414 1359 3487 comparatione
1371 3428 1488 3485 namque
1507 3412 1675 3485 pereuntium
1690 3412 1767 3484 pauci
1781 3421 1843 3470 sunt
1857 3414 1907 3485 qui

1111 3506 1265 3574 salvantem
1286 3505 1345 3563 siue
1367 3505 1567 3577 comparatione
1586 3512 1675 3561 antem
1691 3505 1858 3576 pereuntium
1878 3514 1909 3563 et

1112 3599 1162 3670 ipsi
1173 3598 1249 3654 multi
1263 3606 1335 3655 sunt.
1352 3596 1406 3657 Sed
1422 3612 1505 3669 quare
1518 3598 1572 3653 sint
1590 3597 1628 3653 itti
1645 3598 1744 3670 plures,
1760 3612 1841 3670 qnam
1853 3597 1906 3669 illi,

1111 3694 1255 3751 consilinm
1269 3692 1317 3749 bei
1329 3692 1399 3750 velle
1415 3706 1495 3749 nome
1515 3692 1658 3749 multomm
1685 3700 1727 3750 est
1737 3710 1746 3749 ε
1758 3708 1838 3750 nosse
1857 3708 1908 3750 an·

1112 3793 1166 3840 tem
1177 3784 1221 3841 rel
1233 3784 1455 3855 paucissimorum
1469 3780 1619 3853 bominum,
1634 3783 1679 3841 ret
1696 3784 1805 3843 omnino
1817 3783 1908 3841 nullo-

1111 3890 1183 3931 rum.
1204 3875 1299 3932 Posset
1325 3884 1414 3932 antem
1436 3874 1607 3947 omnipotens
1631 3890 1684 3932 non
1710 3891 1813 3945 crearc,
1836 3892 1908 3950 quos

1110 3967 1230 4024 omnium
1245 3982 1336 4025 rernm
1349 3966 1476 4039 prescius
1497 3967 1582 4023 malos
1594 3967 1698 4025 futuros
1714 3968 1836 4040 ignorare
1848 3986 1907 4027 non

1111 4068 1212 4131 posset,
1228 4060 1278 4116 nisi
1291 4060 1330 4115 uti
1343 4048 1425 4116 etiam
1439 4058 1518 4116 malis
1531 4058 1660 4131 pluribus
1673 4056 1773 4131 optime
1787 4061 1908 4132 optimus

1111 4160 1224 4223 posset:
1240 4148 1310 4207 uude
1325 4166 1374 4207 nos
1386 4140 1487 4222 aliquid
1500 4152 1520 4205 Α
1525 4150 1645 4221 postolus
1653 4150 1755 4218 docuit,
1769 4152 1795 4207 id
1809 4163 1861 4221 est,
1878 4160 1909 4210 at

1111 4242 1178 4299 iram
1194 4258 1271 4300 suam
1285 4244 1486 4318 potentiamque
1500 4253 1663 4301 monstraret
1676 4244 1704 4301 ia
1721 4243 1772 4315 eis,
1787 4260 1846 4317 qua
1864 4256 1909 4303 at·

1112 4336 1172 4393 tnlit
1185 4336 1212 4392 in
1232 4336 1315 4393 multa
1328 4336 1455 4408 patientia
1476 4350 1537 4391 uasa
1551 4336 1608 4403 irae,
1628 4344 1657 4392 et
1670 4343 1700 4391 ut
1711 4343 1790 4393 nous
1804 4334 1909 4395 faceret

1111 4429 1217 4485 diuitias
1237 4427 1329 4499 gloria
1351 4443 1407 4483 suar
1427 4428 1534 4484 invasa
1556 4426 1747 4483 misericordie
1763 4426 1850 4501 (fleur.
1865 4445 1906 4500 rr,

1110 4520 1156 4589 ΞΩ,
1170 4519 1228 4595 23).
1248 4521 1300 4577 Sed
1319 4520 1412 4578 nolunt
1430 4520 1543 4578 credere
1555 4520 1699 4594 Pelagiaui,
1713 4522 1785 4595 qnod
1805 4522 1832 4579 iu
1849 4540 1909 4581 nno

1112 4616 1220 4673 bomine
1242 4624 1298 4671 tota
1318 4624 1360 4672 est
1374 4613 1584 4695 massaluitiata,
1607 4624 1636 4672 et
1658 4622 1714 4672 tota
1727 4614 1855 4674 damnata
1867 4632 1876 4671 ε
1890 4634 1909 4676 a

1110 4708 1241 4781 quesitio
1260 4718 1287 4765 et
1304 4706 1476 4766 damnatione
1489 4708 1546 4764 sola
1561 4716 1638 4763 sanat
1651 4716 1678 4765 et
1699 4708 1795 4767 liberat
1807 4712 1907 4783 gratia.

1110 4800 1200 4869 Quare
1220 4802 1292 4859 enim
1308 4801 1398 4873 justus
1420 4800 1465 4857 tir
1483 4800 1573 4859 saluus
1594 4799 1911 4877 erit(tf'etr.‘r'r,18)t
1943 4816 1950 4826 ·

1110 4894 1243 4967 Numquid
1260 4894 1374 4951 liberare
1384 4893 1486 4965 justum
1501 4893 1577 4950 labor
1594 4903 1635 4950 est
1657 4894 1729 4953 lleot
1741 4894 1820 4952 absit
1834 4913 1842 4951 :
1856 4896 1909 4954 sed

1110 4996 1141 5042 ut
1158 4984 1325 5052 ostendatur,
1346 4986 1418 5057 qno¹
1436 4984 1533 5041 merito
1552 4984 1634 5043 fuerit
1651 4984 1774 5045 damnata
1797 4996 1906 5059 natura,

1101 5094 1163 5135 ,non
1176 5078 1233 5133 rnlt
1253 5076 1330 5133 facile
1344 5076 1379 5134 de
1400 5084 1473 5135 tanto
1495 5077 1575 5147 malo,
1591 5092 1641 5135 nec
1659 5078 1717 5150 ipse
1728 5077 1908 5151 Omnipotens

1110 5172 1238 5239 liberare3
1254 5180 1362 5243 propter
1378 5170 1459 5243 qnod,
1475 5180 1503 5227 ct
1514 5180 1623 5243 peccata
1645 5172 1863 5243 prostraturum,
1880 5181 1908 5231 et

1108 5262 1241 5319 laboriosa
1256 5262 1368 5335 justitia,
1385 5262 1435 5318 nisi
1453 5262 1604 5319 amantibus
1618 5281 1625 5319 r
1639 5262 1688 5320 sed
1700 5262 1829 5332 ebaritas,
1844 5281 1908 5337 que

1110 5354 1158 5411 ltos
1171 5364 1290 5413 amantes
1306 5355 1378 5419 facit,
1393 5370 1427 5412 ex
1440 5354 1495 5411 lieo
1508 5364 1550 5413 est
1563 5355 1586 5427 (l
1596 5354 1674 5410 lom.
1687 5368 1724 5423 rr,
1737 5351 1780 5428 t).

1143 5446 1333 5506 exuturus.
1354 5447 1454 5506 ilerum
1473 5446 1534 5520 qnia
1556 5444 1601 5504 bic
1621 5446 1658 5503 fui
1673 5446 1789 5520 longior,
1809 5448 1908 5521 per'ga·

1108 5556 1168 5599 mus
1178 5540 1211 5596 ad
1224 5540 1335 5611 reliqua.

1143 5635 1211 5691 bno.
1232 5632 1269 5688 lta
1286 5631 1339 5690 lroc
1351 5631 1428 5701 dicis,
1441 5632 1517 5705 quasi
1533 5632 1595 5691 alibi
1607 5630 1717 5691 brerior
1727 5630 1766 5688 sis
1778 5630 1908 5701 tittnrns;

1140 5746 1148 5779 ¹
1165 5744 1234 5803 aliti,
1246 5742 1347 5795 motibus
1357 5756 1433 5808 reque.
1442 5754 1531 5818 omues
1542 5752 1697 5811 amandas..
1707 5740 1810 5801 modist
1821 5751 1910 5813 dnae.

1107 5802 1241 5859 falttdantts
1251 5808 1490 5866 camerinensibus
1500 5820 1577 5874 teque.

1139 5868 1149 5899 ¹
1169 5867 1237 5931 mitt,
1248 5867 1323 5930 quod.
1336 5876 1399 5929 ttss.‚
1411 5882 1466 5931 qun.
