4009 6375
112 394 183 457 ilbi
213 451 218 459 .

148 512 176 567 5.
197 508 250 567 Per
271 508 343 565 bunc
361 507 447 562 tirum
469 506 537 560 intra
556 502 655 561 Gallias
673 502 731 557 istis
754 500 762 555 i
782 502 834 563 sis,
858 500 903 568 qui

111 591 214 637 sanctae
238 578 374 635 memorias
399 575 539 646 Augustini
564 576 662 643 scripta
683 518 903 640 reprenendam,

112 649 329 721 matetoqueuttae
343 656 384 703 cst
399 645 522 713 adempta
541 644 661 708 libertas,
674 641 780 711 quando
797 641 904 693 consui-

111 723 227 777 tantium
242 721 346 775 actione
359 726 497 786 suscepta,
511 724 538 769 et
551 714 679 768 librorum
694 712 739 782 qui
753 708 905 765 errantibus

110 790 289 860 displicebant
299 790 397 859 pictate
409 785 523 851 laudata,
536 783 598 853 qnid
616 788 752 851 oporteret
765 780 799 834 de
811 794 904 842 eorum

109 862 274 915 auctoritate
289 858 392 923 sentiri,
406 865 499 911 sancto
513 852 691 908 manifestavit
710 850 828 920 eloquio,
845 851 904 904 eri·

108 932 208 985 denter
235 928 430 1000 pronuntians,
455 932 582 995 quantum
612 922 663 977 sibi
690 919 904 992 pmsrrrnprtonts

110 1002 189 1055 istius
199 1002 305 1055 novitas
315 998 478 1067 displiceret,
488 1010 539 1066 qua
554 992 682 1048 auderent
691 990 797 1061 quidam
809 989 905 1043 adrer-

109 1086 158 1125 sus
171 1070 296 1139 antiquos
315 1068 454 1139 magistros
472 1064 618 1120 insolenter
631 1064 780 1132 insurgere,
791 1070 817 1117 et
833 1059 901 1114 indi·

109 1141 251 1211 scipiinata
265 1138 397 1195 calumnia
412 1133 593 1207 predicationi
604 1132 724 1187 raritatis
736 1130 902 1200 obstrepere.

184 1256 308 1327 Prospoe,
319 1255 347 1309 in
358 1251 492 1315 Gitronico,
505 1245 541 1304 ati
552 1264 647 1303 annam
659 1244 754 1301 Gbristi
767 1243 831 1300 ted.

145 1348 166 1401 ii
186 1336 718 1415 ricoiaPciagiaousSeterianiPelagiani
730 1333 902 1391 iiliusEccic-

108 1364 305 1472 ιιιιῇιιιιιιιιι
313 1414 443 1485 dogmatis
453 1415 493 1467 sui
511 1409 688 1465 insinuatione
704 1406 832 1474 corrupit.
848 1402 902 1459 Sed

107 1488 216 1542 actione
229 1484 340 1541 Palladii
360 1482 465 1539 diaconi
478 1496 547 1553 papa
560 1479 720 1536 Coeicstinus
738 1475 901 1531 Germanum

111 1556 372 1613 antisiodorensem
383 1554 537 1622 episcopum
546 1550 603 1605 rice
616 1562 663 1602 sua
674 1546 764 1611 mittit,
776 1554 804 1601 ιι
812 1546 903 1601 detor-

107 1628 179 1681 batis
197 1623 478 1682 iraoreticisllritannos
485 1620 518 1676 ad
531 1618 689 1675 catholicam
702 1616 782 1672 isdem
795 1616 900 1684 dirigat.

108 1740 284 1805 Constantina,
296 1738 325 1792 in
338 1735 396 1791 l'ito
410 1732 531 1789 Germani
543 1732 652 1802 ιριιιιρι
664 1726 901 1793 Autissiodorensis,

326 1808 369 1862 iii.
382 1807 408 1873 i,
419 1820 494 1875 capp.
507 1803 551 1865 ii,
562 1802 597 1855 ιδ
609 1799 687 1854 stet.

146 1900 173 1954 i.
194 1898 297 1955 Eodem
322 1907 441 1965 ternpore
465 1910 497 1949 cx
517 1892 660 1949 britanniis
679 1891 780 1946 directa
803 1889 902 1960 legatio

110 1969 257 2025 Gallicanis
281 1969 412 2039 episcopis
437 1964 567 2021 nuntiarit
590 1962 756 2033 Pelagianam
769 1961 902 2031 pcrrersi·

110 2049 193 2097 tatem
207 2040 234 2094 io
249 2039 315 2095 iocis
334 2040 391 2094 suis
404 2038 463 2091 late
480 2034 593 2105 populos
606 2046 760 2100 occupasse,
776 2039 803 2084 et
821 2046 901 2099 quam

110 2115 228 2179 primurn
250 2108 312 2163 lidei
336 2106 473 2163 catholice
497 2105 595 2161 debere
618 2100 746 2157 succurri.
761 2099 802 2155 Ob
821 2115 901 2169 quam

111 2194 222 2233 causam
240 2178 357 2251 synodus
375 2190 516 2231 numerosa
534 2173 647 2229 coiiecta
667 2181 718 2235 est,
731 2171 902 2240 omniumque

108 2250 212 2317 judicio
230 2249 284 2304 duo
319 2247 429 2302 raciara
448 2244 583 2314 religionis
601 2241 700 2297 lumina
716 2242 901 2296 universorum

110 2320 237 2388 precibus
256 2264 417 2385 arniirrntur,
431 2316 581 2373 Germanus
600 2326 631 2367 ac
647 2312 747 2383 Lupus,
762 2310 900 2393 apostolici

111 2390 277 2455 sacerdotes,
292 2397 390 2443 terram
405 2386 570 2456 corporibus,
585 2382 682 2438 coeium
697 2380 798 2436 meritis
813 2381 899 2449 possi-

111 2460 218 2515 dentes.
233 2460 267 2515 Et
283 2468 382 2529 quanto
403 2456 560 2511 laboriosior
579 2452 725 2507 necessitas
745 2451 900 2521 apparebat,

113 2539 187 2584 tauto
200 2545 260 2584 earn
272 2528 419 2599 promptius
432 2527 528 2581 bernes
538 2522 700 2579 devotissimi
716 2529 900 2592 susceperunt,

112 2602 278 2655 celeritatem
294 2598 390 2669 negotii
405 2597 465 2651 iidei
478 2595 591 2649 stimulis
603 2600 777 2647 maturantes.

146 2670 175 2725 2.
196 2670 327 2724 Latebaot
345 2666 425 2722 abditi
445 2666 561 2721 sinistre
575 2662 755 2734 persuasionis
767 2669 900 2726 auctores,

112 2748 140 2795 rt
151 2755 229 2794 more
238 2738 345 2809 maligni
359 2739 468 2806 spiritus
479 2735 619 2807 gemebant
632 2734 719 2803 perire
728 2732 777 2787 sibi
791 2730 903 2801 populos

113 2812 270 2865 eradentes.
284 2809 324 2864 nd
339 2818 486 2863 extremum
501 2805 625 2860 diuturna
645 2803 817 2857 meditatione
836 2816 902 2855 eon·

112 2890 189 2951 cepta
205 2888 369 2951 presttnrtmt
382 2878 449 2933 inire
461 2875 624 2935 condictum,
638 2879 691 2927 etc.
704 2871 803 2926 Aderat
852 2886 902 2942 pu-

113 2952 155 3007 ius
166 2958 340 3021 spectatoret
354 2948 457 3003 iuturus
471 2947 560 3009 eder,
571 2943 694 2999 astabant
706 2952 794 3012 partes
804 2886 903 3011 ἔφη

112 3022 268 3077 conditione
290 3020 433 3075 dissimiles
446 3035 453 3071 ι
466 2962 530 3071 iane
551 3015 638 3069 diuina
660 3012 821 3077 auctoritas,
842 3012 904 3066 inde

114 3093 232 3147 bumana
246 3092 436 3162 pessumarum
451 3088 513 3141 ltine
526 3085 602 3146 iides,
617 3082 678 3139 iude
696 3082 826 3153 periidia;
842 3082 904 3137 ltine

113 3162 248 3230 Citristus,
264 3161 326 3218 inde
338 3160 398 3216 Pela
419 3160 459 3213 ius
471 3166 573 3212 auctor.
586 3154 677 3210 Primo
688 3152 715 3208 in
731 3154 790 3208 ioco
804 3152 903 3208 beatis·

114 3235 174 3288 siuti
189 3233 342 3289 sacerdotes
353 3174 523 3302 praebuerunt
532 3225 690 3281 adversariis
700 3225 802 3293 copiam
813 3224 905 3293 dispu-

115 3305 198 3372 tandi,
209 3319 270 3375 que
282 3303 338 3358 sola
348 3303 489 3356 rerborrrm
504 3297 619 3354 ruditate
632 3295 677 3348 diu
690 3295 805 3349 inaniter
817 3303 843 3347 et
855 3308 904 3346 au·

113 3391 158 3429 res
168 3375 309 3445 occuparit
322 3383 349 3428 et
363 3381 492 3440 tempora.
505 3367 606 3423 Deinde
618 3365 750 3419 antistites
760 3362 904 3418 venerandi

115 3453 249 3501 torrentes
270 3444 369 3514 eloquii
391 3441 431 3498 sui
454 3455 515 3494 curn
535 3435 688 3506 apostolicis
705 3444 732 3488 ct
745 3433 905 3504 erarrgeiicis

114 3515 240 3571 tenitruis
251 3513 436 3586 profuderunt.
445 3508 603 3565 lliscebatttr
614 3519 703 3561 sermo
714 3505 835 3573 proprius
842 3517 905 3558 cum

115 3587 216 3651 divino,
232 3595 259 3640 ct
276 3584 438 3640 assertiones
453 3579 656 3635 violentissimas
671 3574 813 3630 lectionum
829 3574 905 3628 testi·

114 3659 205 3712 monia
215 3655 403 3728 sequebantur.
415 3649 586 3708 Gourincitm
594 3647 709 3710 vanitas,
720 3644 829 3715 peritdia
839 3659 906 3698 con·

115 3728 227 3792 iutattrr,
241 3728 278 3781 ita
292 3735 321 3780 ιι
335 3725 367 3780 ad
382 3723 498 3793 statutas
512 3719 654 3775 uerborum
669 3713 833 3786 objectiones
847 3727 907 3768 reos

116 3815 156 3863 sc,
178 3813 240 3855 cum
266 3795 429 3866 respondere
450 3797 597 3861 nequeunt,
620 3787 775 3841 faterentur.
791 3784 907 3854 Populus

117 3870 217 3925 arbiter
231 3868 276 3923 rix
297 3879 392 3921 manus
413 3863 533 3919 continet
547 3878 553 3916 :
567 3857 694 3931 iudicium
711 3871 771 3911 cum
790 3855 908 3910 clamore

117 3949 238 3994 testatur.

152 4011 179 4066 3.
198 4009 267 4066 Gom
286 4005 373 4062 subito
389 4004 430 4060 rir
449 4000 593 4058 tribunitia
607 3997 745 4070 potestatis
763 4009 825 4050 cum
844 4009 908 4049 eoo-

118 4081 177 4152 juge
190 4079 312 4151 procedit
330 4077 356 4131 in
374 4073 501 4137 medium,
515 4071 607 4126 decem
619 4083 749 4123 annorum
764 4065 844 4120 liliam
855 4079 908 4120 cac·

119 4168 175 4205 mm
194 4151 299 4206 sinibus
319 4149 442 4217 ingerens
460 4142 627 4198 sacerdotum
642 4156 648 4193 ι
663 4153 741 4208 quatu
762 4135 799 4190 illi
819 4135 908 4190 oilerri

120 4221 279 4279 adversariis
289 4223 482 4289 preceperunt.
491 4211 544 4268 Sed
556 4209 593 4266 iiii
608 4207 772 4264 conscientia
785 4208 910 4276 puniente

121 4277 909 4361 deterriti‚juuguntctrmparentibuspreces,etcurationem

121 4363 236 4432 parrrriae
257 4377 273 4415 a
294 4357 477 4414 sacerdotibus
495 4360 647 4424 precantur.
661 4349 715 4418 Qui
734 4345 912 4416 exspectatio-

121 4449 179 4488 nem
195 4431 286 4504 popuii
307 4439 335 4486 et
354 4428 494 4483 inclinatos
509 4421 675 4478 adverserios
691 4420 835 4484 intuentes,
851 4431 913 4470 ora-

121 4506 218 4559 tionem
232 4500 350 4558 breviter
362 4497 484 4554 luodunt.
496 4496 535 4548 Ac
547 4491 644 4547 deinde
654 4489 804 4545 Germanus
816 4489 911 4558 plenus

120 4574 218 4644 Spiritu
238 4579 344 4636 sancto,
365 4577 483 4622 sanctam
505 4566 614 4618 inrorat
626 4559 794 4626 Trinitatem,
806 4567 833 4612 et
849 4572 912 4626 pro·

121 4648 191 4700 tinus
210 4643 393 4698 adherentem
414 4637 489 4692 iatcri
504 4648 554 4689 suo
565 4631 711 4702 capsulam,
726 4643 786 4683 cum
806 4636 914 4682 saneto-

121 4732 176 4770 rmu
197 4712 321 4784 reliquiis
337 4710 407 4764 roilo
425 4708 542 4762 atuisam
558 4703 680 4758 manibus
697 4695 911 4767 comprcitendit,

119 4801 233 4854 eamque
247 4785 275 4839 io
290 4787 433 4851 conspectu
451 4776 569 4830 oninium
585 4771 680 4842 puelle
699 4769 783 4823 oculis
796 4765 927 4844 applica-¹

119 4859 165 4911 rit.
180 4860 257 4922 eros
271 4852 361 4908 statim
375 4857 520 4906 evacuatos
540 4842 666 4908 tenebris,
680 4840 780 4895 iumine
793 4837 913 4892 veritatis

121 4926 252 4998 implerit.

121 5041 216 5126 ductor
228 5035 296 5092 vttoe
312 5032 393 5089 sancti
409 5029 477 5099 ispi
489 5025 602 5151 oneng
615 5021 756 5088 Trecentis,
771 5019 843 5092 spati
858 5018 914 5074 Str·

353 5100 475 5168 risttt,oti
489 5100 557 5152 diets
611 5094 682 5166 jotti.

153 5224 222 5281 Cum
231 5215 415 5287 essetpoiiens
426 5210 543 5281 ingenio,
552 5203 762 5274 ciaruseioquio‚
774 5199 915 5255 sanctitate

120 5296 284 5367 precipuus,
305 5303 366 5343 cum
386 5285 415 5341 S.
433 5282 567 5338 Germano
591 5278 669 5332 totius
697 5270 867 5343 perfectionis
887 5279 915 5326 et

121 5366 213 5438 gratiae
226 5357 373 5431 spiritualis
389 5355 478 5424 pleno,
490 5357 582 5407 contra
596 5347 719 5402 baeresim
732 5342 913 5410 pelagianam,

122 5453 180 5507 qam
188 5446 284 5488 sanam
295 5426 464 5497 oppugnabat
472 5421 563 5483 iidem,
573 5420 599 5472 in
608 5416 770 5472 Britanniam
781 5411 915 5482 proiectus

123 5517 172 5561 est.
184 5504 237 5572 Qui
255 5513 312 5555 nno
331 5497 425 5566 spiritu
443 5491 529 5562 juncti
543 5498 571 5544 et
583 5487 640 5559 pari
654 5485 790 5539 soiuutatc
803 5494 915 5562 coneor-

124 5576 187 5640 des,
211 5569 349 5628 terribiles
370 5564 469 5621 Oceani
489 5561 586 5617 linctus
609 5553 774 5625 temporibus
797 5550 915 5605 brbernis

126 5646 295 5714 irrespiorato
308 5637 373 5693 mari
390 5650 420 5690 se
434 5631 643 5694 committentes,
655 5625 806 5679 orationum
817 5622 915 5703 guber3

127 5717 226 5772 naeniis
239 5710 404 5778 mitigarunt,
418 5714 470 5760 otc.
485 5700 604 5770 [ictuque
617 5710 709 5752 omnes
723 5693 755 5748 ad
767 5707 840 5776 sanae
854 5689 913 5744 ltdcr

126 5785 323 5840 contessionem
344 5777 378 5832 ab
398 5791 489 5831 errore
510 5775 678 5828 revocarunt,
690 5779 750 5820 cum
765 5779 817 5831 ram
833 5771 913 5816 totam

132 5855 187 5914 lere
196 5850 362 5912 Britanniam
375 5847 514 5918 Pelagiaua
532 5841 613 5915 pestis
625 5842 791 5909 occupasset.

392 390 494 449 vittis
513 388 656 447 semera
677 389 722 445 titi
741 387 925 447 tttstttitttii
943 384 1210 449 l‘ELdGldNOlillll
1230 384 1456 444 enttttttert‘tit

1674 388 1742 447 tt5i

957 501 1129 567 Constantius,
1141 501 1166 555 itr
1184 500 1239 555 l'int
1251 500 1280 555 S.
1292 500 1411 555 Gertrmtti
1424 504 1533 574 episcopi
1544 502 1745 561 Autissiodoren-

1212 572 1257 635 sis,
1271 570 1314 625 ιιι.
1326 573 1352 629 2.
1365 590 1422 641 cap.
1437 574 1489 629 t-t.

973 711 978 721 ¹
994 640 1095 695 interea
1109 658 1142 697 cx
1155 641 1297 695 Britanniis
1310 644 1444 696 ttrtrrtiatur
1455 644 1621 713 Poiagtauam
1636 656 1745 715 perter-

957 713 1171 791 srtatemiterato
1183 712 1273 779 rrarrcis
1285 712 1437 766 auctoribus
1450 712 1563 767 dilatari.
1576 714 1746 783 liursumque

956 780 990 833 ad
1006 781 1185 835 beattssimutu
1198 780 1359 836 Germanum
1375 797 1468 851 preces
1484 783 1600 839 omnium
1618 784 1745 839 deleran-

958 860 1010 913 tur,
1024 860 1051 905 ut
1063 866 1169 905 causam
1182 852 1239 917 liei,
1250 867 1328 921 qoam
1342 852 1417 923 prius
1431 853 1589 917 obtinuerat,
1603 862 1743 907 trituretur.

957 920 1075 985 Quorum
1092 922 1209 989 petitioni
1226 922 1338 977 lestiuus
1355 922 1481 985 occurrit,
1494 922 1556 976 dum
1571 931 1597 979 ct
1610 923 1745 979 laboribus

956 990 1112 1073 delectatur,
1131 999 1158 1045 et
1177 991 1282 1047 Gltristo
1304 1006 1333 1046 se
1350 1000 1486 1061 gratanter
1508 994 1643 1061 impendit.
1660 994 1746 1049 Cessit

957 1060 1063 1115 tandem
1086 1062 1184 1115 mimici
1207 1061 1302 1119 imidia
1320 1064 1388 1117 ricta
1405 1062 1556 1141 uirtutibus,
1572 1078 1622 1117 occ
1643 1056 1745 1119 tenta're

956 1146 1037 1213 austes
1051 1142 1101 1194 est,
1115 1147 1193 1199 quem
1209 1132 1253 1185 liei
1268 1132 1381 1187 amicum
1395 1132 1450 1199 jnm
1465 1141 1595 1187 sertserat.
1612 1132 1745 1200 adjuncto

956 1212 1045 1271 itaque
1064 1200 1165 1282 Serere
1187 1202 1322 1270 episcopo,
1347 1202 1426 1257 totius
1447 1202 1595 1257 sanctitatis
1614 1204 1682 1268 riro,
1700 1204 1744 1272 qui

957 1279 1020 1327 tunc
1032 1270 1149 1325 Treviris
1163 1270 1299 1327 ordinatus
1313 1271 1463 1341 episeopus,
1476 1281 1528 1327 etc.
1541 1272 1697 1327 l‘rmdicatio
1710 1273 1744 1326 ad

957 1340 1060 1423 plebem
1079 1340 1113 1395 de
1129 1342 1354 1411 praevaricationis
1369 1342 1555 1397 emendatione
1569 1342 1744 1404 convertitur,

955 1425 1128 1481 ornatumque
1145 1413 1277 1467 sententia
1299 1412 1435 1481 prauitatis
1454 1421 1577 1469 auctores
1596 1412 1697 1483 expulsi
1712 1412 1745 1467 ab

955 1478 1059 1545 insuia,
1084 1480 1267 1562 sacerdotibus
1292 1482 1467 1549 adriucmrtur,
1492 1482 1525 1537 ad
1549 1484 1745 1539 mediterranea

954 1549 1111 1632 dcicrendr;
1128 1561 1158 1605 ut
1175 1560 1202 1607 et
1219 1552 1291 1622 regio
1309 1552 1486 1621 absolutione,
1508 1563 1535 1609 et
1559 1554 1596 1608 iiii
1615 1552 1743 1609 ernenda-

956 1630 1027 1676 trone
1041 1622 1199 1677 iruerentur.

1039 1736 1082 1791 tiit
1102 1734 1304 1792 PELilGidiliS
1322 1734 1650 1793 Eteostttttttttetts

1008 1848 1041 1887 ur.
1060 1846 1108 1887 ιιι
1129 1848 1162 1887 sx
1183 1846 1357 1887 occrueurttt
1382 1844 1506 1885 contusus
1532 1844 1686 1885 strattone.

1088 1938 1233 2006 Nestorius,
1244 1940 1270 1993 in
1284 1939 1391 2009 epistola
1400 1938 1434 1993 ad
1443 1938 1615 1995 Goeisstirntttt.

988 2054 1109 2111 lulianus
1122 2052 1240 2123 quidam,
1251 2060 1278 2107 ιι
1291 2050 1395 2117 Florus,
1408 2060 1435 2105 et
1448 2049 1585 2117 Orontius,
1597 2060 1623 2107 et
1633 2048 1744 2119 Fabius,

953 2126 1073 2181 dicentes
1085 2140 1114 2181 se
1126 2122 1327 2179 occidentalium
1342 2122 1454 2191 partium
1467 2120 1616 2191 episcopos,
1632 2136 1703 2191 saepe
1716 2130 1745 2177 et

954 2196 1104 2265 piissimum
1128 2206 1155 2249 et
1184 2192 1429 2262 praedicatissimum
1455 2189 1642 2261 imperatorem
1668 2191 1742 2247 adie-

954 2275 1017 2323 runt
1033 2266 1081 2339 (a),
1094 2280 1126 2321 ac
1138 2278 1199 2318 stras
1212 2278 1305 2319 causas
1317 2262 1494 2325 delictorum,
1509 2270 1633 2331 tauquam
1648 2261 1743 2317 ortbo·

954 2336 1018 2391 dori
1044 2334 1207 2403 temporibus
1230 2331 1386 2387 orthodoxis
1415 2330 1626 2401 persecutionem
1652 2332 1741 2401 passi,

954 2422 1027 2476 scpe
1045 2404 1137 2461 eadem
1152 2411 1179 2457 et
1193 2404 1261 2472 apud
1276 2417 1325 2459 nos
1340 2402 1530 2465 lamentantes,
1544 2416 1576 2455 ac
1589 2416 1660 2471 sepe
1673 2401 1744 2471 reje-

954 2478 1009 2544 cti,
1023 2476 1116 2533 eadem
1131 2472 1219 2529 iacere
1241 2488 1294 2527 uon
1315 2471 1452 2526 desiemnt
1465 2485 1472 2523 :
1487 2470 1534 2527 sed
1556 2472 1681 2526 insistunt
1695 2487 1743 2540 por

953 2546 1012 2603 dies
1025 2545 1153 2615 singulos,
1168 2544 1308 2614 implentes
1317 2556 1396 2597 aures
1407 2542 1525 2595 omnimn
1536 2540 1645 2595 vocibus
1657 2540 1743 2613 iacry-

954 2616 1049 2673 mosis.
1064 2616 1110 2670 iiis
1124 2615 1230 2685 quidem
1244 2612 1278 2668 ad
1293 2626 1339 2667 eos
1351 2612 1533 2675 sermonibus,
1547 2610 1643 2680 quibus
1659 2625 1742 2681 opor·

955 2688 1016 2752 tuit,
1031 2686 1071 2741 usi
1085 2699 1194 2749 sumus,
1208 2698 1268 2739 eum
1283 2682 1381 2752 negotii
1393 2696 1485 2737 eorum
1500 2696 1588 2735 reram
1600 2679 1679 2735 iidem
1696 2697 1744 2737 ue·

954 2758 1095 2813 sciremus.
1115 2754 1167 2811 Sed
1192 2754 1317 2825 quoniam
1342 2751 1476 2821 apertiore
1502 2750 1577 2805 nobis
1600 2750 1743 2807 decausis

955 2842 1048 2883 eorum
1059 2826 1152 2881 notitia
1165 2840 1232 2894 opus
1244 2832 1302 2887 est,
1316 2836 1351 2877 oe
1365 2822 1498 2891 piissimus
1510 2826 1539 2877 et
1549 2819 1742 2877 citristianissi·

895 2940 901 2953 .
955 2913 1016 2953 mus
1029 2898 1278 2967 imperatornoster
1290 2893 1441 2947 molestiam
1461 2905 1532 2962 sape
1551 2890 1585 2945 ab
1605 2889 1647 2946 iris
1661 2892 1743 2945 susti·

956 2978 1036 3033 ιιιις
1051 2983 1085 3023 ιι
1099 2980 1148 3022 uos
1163 2966 1313 3037 ignorantes
1327 2978 1419 3018 eorum
1439 2976 1532 3017 causas
1553 2962 1622 3015 circa
1645 2962 1743 3029 negotii

956 3037 1139 3093 definitionem
1161 3035 1323 3098 dividatnur;
1347 3034 1455 3101 dignare
1476 3030 1596 3085 notitiam
1619 3030 1694 3084 uobis
1708 3030 1742 3085 de

956 3108 999 3163 bis
1014 3108 1112 3177 largiri,
1126 3122 1158 3161 ne
1173 3106 1213 3161 tei
1228 3105 1333 3174 quidem
1349 3100 1494 3173 ignorando
1504 3100 1632 3169 justitiam
1643 3100 1743 3154 verita-

958 3182 1000 3242 tis,
1018 3180 1166 3247 importuna
1180 3175 1350 3232 miseratione
1361 3171 1566 3235 conturbentur;
1579 3170 1620 3224 ιιι
1635 3170 1745 3225 canitul-

957 3266 1016 3306 cam
1029 3247 1235 3318 indignationem
1251 3243 1422 3300 beatitudinis
1436 3252 1505 3303 tuce,
1518 3255 1577 3310 quac
1590 3251 1682 3294 contra
1696 3255 1744 3296 eos

958 3335 1007 3391 pro
1021 3320 1100 3373 sectis
1115 3315 1250 3386 religionis
1264 3315 1331 3369 iorte
1343 3313 1452 3384 probata
1465 3321 1522 3380 cst,
1535 3308 1607 3366 aliud
1616 3310 1743 3381 quiddam

958 3405 1038 3461 quam
1054 3389 1104 3444 boc
1118 3387 1260 3450 aestiment,
1272 3394 1323 3438 ete.

1090 3456 1174 3522 idern,
1189 3458 1215 3510 itt
1228 3456 1306 3510 alteru
1318 3453 1352 3506 nd
1366 3452 1480 3508 eamdent
1494 3449 1611 3522 epistole.

993 3530 1071 3600 Saepe
1093 3528 1186 3597 scripsi
1209 3525 1366 3582 beatitudini
1391 3532 1442 3578 true
1467 3529 1575 3592 propter
1595 3519 1744 3588 lulianum,

959 3601 1110 3664 Orontium,
1125 3607 1151 3654 et
1162 3605 1284 3660 caeteros,
1298 3595 1341 3666 qui
1355 3594 1404 3649 sibi
1421 3600 1548 3662 usurpant
1565 3592 1744 3660 episcopalem

959 3671 1129 3742 dignitatem,
1150 3677 1176 3721 et
1196 3667 1385 3722 creberrimam
1406 3663 1549 3717 aditionem
1572 3661 1641 3730 apud
1657 3662 1746 3732 piissi-

960 3757 1032 3796 murn
1047 3750 1074 3794 et
1087 3737 1331 3808 praedicatissimum
1346 3735 1532 3802 imperatorem
1547 3731 1663 3796 iaciunt,
1681 3745 1745 3786 uos·

960 3826 1013 3883 qne
1024 3810 1167 3866 concidunt
1176 3807 1199 3861 ir
1234 3805 1358 3860 uentibus
1369 3803 1609 3864 lamentationibus,
1621 3810 1745 3870 tanquam

962 3881 1126 3951 temporibus
1136 3879 1222 3932 ortitot
1233 3876 1291 3930 onis
1303 3875 1336 3929 de
1346 3873 1489 3929 Occidente
1501 3871 1622 3943 projecti.
1634 3872 1668 3926 tlt
1682 3871 1747 3926 ituc-

962 3966 1046 4023 usqne
1064 3951 1160 4020 scripta
1180 3948 1213 4002 dc
1231 3946 1272 4000 iris
1291 3954 1363 4000 atua
1380 3945 1550 3998 reiteratione
1564 3957 1615 3996 nou
1629 3955 1706 3997 susce
1727 3941 1749 3996 i·

961 4035 1116 4092 musaque
1132 4019 1154 4073 si
1170 4018 1311 4080 balterom,
1330 4029 1436 4086 possem
1451 4014 1490 4068 cis
1503 4011 1682 4081 respondere,
1698 3959 1747 4068 ab·

962 4107 1072 4162 remque
1095 4089 1312 4156 compendiosum
1334 4098 1492 4156 responsum
1510 4081 1624 4138 luctibus
1645 4097 1748 4138 eorum.

962 4163 1037 4219 Nunc
1051 4161 1122 4216 enim
1137 4159 1171 4215 ab
1185 4157 1294 4212 incertis
1307 4155 1386 4210 dictis
1406 4169 1499 4210 corum
1513 4167 1566 4207 non
1590 4153 1670 4208 babet
1689 4153 1749 4224 quis

963 4235 996 4291 ad
1030 4232 1080 4287 uod
1094 4247 1123 4286 se
1137 4235 1284 4290 conteruit,
1299 4225 1358 4281 aliis
1371 4225 1511 4280 hereticos
1522 4238 1569 4278 eos
1582 4223 1748 4288 rucmrtiitus,

964 4315 992 4360 et
1005 4250 1065 4359 ibeo
1083 4301 1117 4357 de
1131 4297 1341 4355 occidentalibus
1355 4297 1475 4366 partibus
1492 4294 1622 4362 proiectos
1635 4307 1696 4348 esse
1709 4291 1750 4346 di·

964 4374 1104 4438 centibus;
1125 4371 1189 4441 ipsis
1203 4383 1269 4423 tero
1286 4367 1436 4436 jurantibus
1449 4364 1608 4420 calumniam
1624 4377 1653 4418 sc
1666 4363 1751 4417 susti·

965 4447 1066 4508 unisse,
1077 4441 1258 4514 etperieuium
1268 4453 1315 4506 pro
1323 4436 1469 4491 ortirodoxa
1479 4435 1568 4488 ddecet
1579 4433 1750 4501 suirreptionc

1000 4528 1117 4585 rpessos.
1129 4511 1245 4578 Quorum
1257 4516 1345 4562 utrum
1355 4516 1455 4560 certum
1471 4505 1515 4568 sit,
1526 4503 1602 4556 nobis
1612 4503 1700 4572 gratis
1710 4510 1752 4556 cst

965 4583 1122 4656 ignorantia.
1133 4579 1198 4636 Nam
1213 4577 1354 4633 condolere
1368 4577 1422 4639 eis,
1436 4573 1458 4627 si
1474 4589 1534 4627 rcrc
1547 4572 1665 4632 iteretici
1678 4581 1750 4638 sunt,

965 4656 1067 4710 eritrtcn
1085 4657 1129 4707 est
1140 4669 1146 4704 :
1159 4661 1185 4705 et
1200 4650 1295 4703 iterum
1311 4661 1362 4700 nou
1377 4643 1537 4706 condolere,
1555 4642 1577 4695 si
1591 4641 1750 4696 calumniam
1836 4655 1841 4665 ’

966 4727 1118 4788 sustirrout,
1141 4721 1237 4776 durum
1263 4727 1290 4772 et
1316 4715 1424 4784 impium
1450 4722 1500 4768 cst.
1525 4713 1651 4782 [iiguetur
1673 4712 1753 4783 igitur

965 4793 1147 4862 amantissima
1172 4789 1218 4846 lici
1244 4787 1331 4841 anima
1357 4796 1400 4840 tua
1422 4783 1564 4838 inlormarc
1578 4798 1644 4846 nos,
1660 4784 1705 4852 qui
1719 4781 1752 4836 ad

967 4877 1108 4933 utrumque
1120 4867 1283 4916 momentum
1300 4859 1435 4926 iturosque
1449 4853 1601 4918 dividimur,
1618 4853 1642 4908 id
1658 4861 1708 4913 est,
1725 4863 1750 4908 et

966 4937 999 4990 ati
1013 4936 1112 5001 adium,
1124 4939 1151 4988 et
1162 4931 1195 4986 ad
1211 4928 1406 4984 miserationem
1428 4939 1530 4980 eorum.
1551 4923 1643 4978 iluccri
1663 4934 1751 4977 autem

966 5006 1104 5072 nolumus,
1120 5018 1198 5073 quam
1220 5001 1254 5054 do
1273 4999 1314 5052 itis
1334 4995 1491 5051 seutentiam
1512 5005 1660 5049 teneamus.
1685 4993 1754 5046 licti-

967 5092 1063 5132 ncmus
1076 5075 1146 5130 euim
1162 5071 1268 5126 eosdem
1281 5067 1351 5121 titos
1365 5081 1412 5136 per
1422 5063 1480 5119 dies
1494 5065 1612 5132 singulos
1626 5063 1753 5118 dissimu-

967 5148 1054 5202 lantes
1066 5160 1114 5214 spc
1127 5151 1153 5197 et
1167 5139 1364 5209 exspectatione
1377 5133 1551 5191 beatitudinis
1564 5142 1624 5188 tuac.

1028 5215 1186 5276 deterrima,
1202 5211 1228 5264 itt
1241 5207 1345 5278 epistola
1359 5207 1392 5260 ad
1406 5203 1552 5260 Nestorium
1563 5203 1692 5272 ιιιιιὶιιι.

1004 5285 1152 5356 aliquantis
1171 5281 1264 5337 diebus
1282 5279 1344 5332 rita
1364 5286 1473 5342 nostre,
1493 5283 1554 5347 post
1572 5272 1713 5328 rreiaudum
1729 5282 1755 5327 ot

967 5373 1040 5425 sepe
1052 5357 1204 5411 damnatum
1217 5351 1313 5420 dogma
1326 5347 1421 5417 Pelagii
1435 5355 1514 5416 atque
1526 5345 1654 5409 Groicstii,
1667 5343 1747 5398 ratim

968 5431 1018 5484 lica
1033 5425 1098 5481 iides
1111 5424 1226 5494 quictem
1241 5419 1347 5486 iraittrit,
1362 5417 1468 5489 quando
1485 5429 1531 5470 eos
1548 5429 1609 5468 curn
1630 5427 1684 5468 suae
1699 5415 1742 5481 opi

968 5500 1056 5554 uiouis
1070 5493 1227 5567 sequacibus
1241 5491 1299 5546 telis
1315 5489 1394 5544 unite
1409 5486 1548 5542 senteuticc
1561 5483 1657 5539 Oriens
1673 5483 1735 5539 Occi

999 5653 1035 5713 (tri
1051 5659 1099 5701 itoc
1116 5651 1168 5760 Ἆιιο
1179 5654 1306 5709 tempore,
1325 5656 1388 5694 anno
1398 5639 1491 5712 scilieet
1500 5639 1586 5688 cbristi
1598 5637 1660 5696 iffi,
1672 5639 1755 5688 varius

968 5721 1083 5764 ttrercator
1095 5711 1118 5762 ei
1136 5723 1176 5760 ent
1195 5707 1332 5770 imperatori
1344 5702 1477 5752 Theodosio
1496 5708 1522 5750 et
1542 5700 1756 5761 tottstautinopoii-

968 5784 1031 5826 ιιιιι
1042 5773 1155 5824 rectoetae
1173 5763 1573 5824 duditcorruatuitanumejusquo
1592 5762 1672 5811 mettas
1692 5769 1755 5812 tartu-

969 5837 1133 5897 menitorium,
1146 5833 1209 5898 quod
1224 5829 1355 5880 eririitetur
1365 5841 1401 5890 ιιι
1410 5837 1445 5888 ra,
1453 5825 1499 5875 coi.
1513 5822 1581 5885 itate,
1595 5835 1648 5886 sqq.
