<?xml version="1.0" encoding="UTF-8"?>
<!DOCTYPE html PUBLIC "-//W3C//DTD XHTML 1.0 Transitional//EN"
    "http://www.w3.org/TR/xhtml1/DTD/xhtml1-transitional.dtd">
<html xmlns="http://www.w3.org/1999/xhtml" xml:lang="en" lang="en">
 <head>
  <title>
</title>
<meta http-equiv="Content-Type" content="text/html;charset=utf-8" />
  <meta name='ocr-system' content='tesseract 3.04.00' />
  <meta name='ocr-capabilities' content='ocr_page ocr_carea ocr_par ocr_line ocrx_word'/>
</head>
<body>
  <div class='ocr_page' id='page_1' title='image "./patrologiaecurs215unkngoog/patrologiaecurs215unkngoog_0386.png"; bbox 0 0 4009 6375; ppageno 0'>
   <div class='ocr_carea' id='block_1_1' title="bbox 239 362 1880 432">
    <p class='ocr_par' dir='ltr' id='par_1_1' title="bbox 239 362 1880 432">
     <span class='ocr_line' id='line_1_1' title="bbox 239 362 1880 432; baseline 0.007 -13"><span class='ocrx_word' id='word_1_1' title='bbox 239 371 309 425; x_wconf 65' lang='lat' dir='ltr'>tiss</span> <span class='ocrx_word' id='word_1_2' title='bbox 804 362 1005 422; x_wconf 70' lang='lat' dir='ltr'>APPENMS</span> <span class='ocrx_word' id='word_1_3' title='bbox 1023 364 1112 421; x_wconf 71' lang='lat' dir='ltr'>PARS</span> <span class='ocrx_word' id='word_1_4' title='bbox 1130 364 1298 422; x_wconf 68' lang='lat' dir='ltr'><strong>SECUNDA.</strong></span> <span class='ocrx_word' id='word_1_5' title='bbox 1807 374 1880 432; x_wconf 61' lang='lat' dir='ltr'>iiii</span> 
     </span>
    </p>
   </div>
   <div class='ocr_carea' id='block_1_2' title="bbox 235 479 1880 849">
    <p class='ocr_par' dir='ltr' id='par_1_2' title="bbox 235 479 1880 849">
     <span class='ocr_line' id='line_1_2' title="bbox 237 479 1878 555; baseline 0.004 -15"><span class='ocrx_word' id='word_1_6' title='bbox 237 489 289 541; x_wconf 86' lang='lat' dir='ltr'>lios</span> <span class='ocrx_word' id='word_1_7' title='bbox 300 486 334 539; x_wconf 80' lang='lat' dir='ltr'>ud</span> <span class='ocrx_word' id='word_1_8' title='bbox 346 483 577 539; x_wconf 81' lang='lat' dir='ltr'>cnnirnratimrm</span> <span class='ocrx_word' id='word_1_9' title='bbox 590 482 632 536; x_wconf 81' lang='lat' dir='ltr'>soi</span> <span class='ocrx_word' id='word_1_10' title='bbox 644 480 743 535; x_wconf 70' lang='lat' dir='ltr'>erroris</span> <span class='ocrx_word' id='word_1_11' title='bbox 753 479 898 535; x_wconf 87' lang='lat' dir='ltr'>translerre</span> <span class='ocrx_word' id='word_1_12' title='bbox 909 490 1031 534; x_wconf 73' lang='lat' dir='ltr'>conusens.</span> <span class='ocrx_word' id='word_1_13' title='bbox 1088 484 1141 537; x_wconf 89' lang='lat' dir='ltr'>tius</span> <span class='ocrx_word' id='word_1_14' title='bbox 1154 482 1263 536; x_wconf 69' lang='lat' dir='ltr'>heresis</span> <span class='ocrx_word' id='word_1_15' title='bbox 1277 496 1333 537; x_wconf 79' lang='lat' dir='ltr'>som</span> <span class='ocrx_word' id='word_1_16' title='bbox 1347 481 1419 537; x_wconf 88' lang='lat' dir='ltr'>virus</span> <span class='ocrx_word' id='word_1_17' title='bbox 1432 484 1559 552; x_wconf 87' lang='lat' dir='ltr'>evomuit,</span> <span class='ocrx_word' id='word_1_18' title='bbox 1569 484 1629 555; x_wconf 89' lang='lat' dir='ltr'>qnia</span> <span class='ocrx_word' id='word_1_19' title='bbox 1641 486 1714 552; x_wconf 87' lang='lat' dir='ltr'>dicit,</span> <span class='ocrx_word' id='word_1_20' title='bbox 1726 488 1878 547; x_wconf 85' lang='lat' dir='ltr'>venientem</span> 
     </span>
     <span class='ocr_line' id='line_1_3' title="bbox 235 551 1878 631; baseline 0.005 -22"><span class='ocrx_word' id='word_1_21' title='bbox 235 558 313 623; x_wconf 74' lang='lat' dir='ltr'>Quod</span> <span class='ocrx_word' id='word_1_22' title='bbox 326 556 388 625; x_wconf 81' lang='lat' dir='ltr'>quia</span> <span class='ocrx_word' id='word_1_23' title='bbox 402 565 487 609; x_wconf 86' lang='lat' dir='ltr'>totum</span> <span class='ocrx_word' id='word_1_24' title='bbox 501 569 619 624; x_wconf 76' lang='lat' dir='ltr'>potuere,</span> <span class='ocrx_word' id='word_1_25' title='bbox 632 562 661 607; x_wconf 90' lang='lat' dir='ltr'>ct</span> <span class='ocrx_word' id='word_1_26' title='bbox 674 551 778 605; x_wconf 66' lang='lat' dir='ltr'>inumeri</span> <span class='ocrx_word' id='word_1_27' title='bbox 790 560 818 605; x_wconf 90' lang='lat' dir='ltr'>ct</span> <span class='ocrx_word' id='word_1_28' title='bbox 830 551 910 604; x_wconf 79' lang='lat' dir='ltr'>nitetis</span> <span class='ocrx_word' id='word_1_29' title='bbox 924 552 1032 618; x_wconf 80' lang='lat' dir='ltr'>lostgum</span> <span class='ocrx_word' id='word_1_30' title='bbox 1086 554 1205 608; x_wconf 77' lang='lat' dir='ltr'>iocerne</span> <span class='ocrx_word' id='word_1_31' title='bbox 1219 554 1358 608; x_wconf 84' lang='lat' dir='ltr'>bontinum</span> <span class='ocrx_word' id='word_1_32' title='bbox 1372 568 1424 607; x_wconf 91' lang='lat' dir='ltr'>uon</span> <span class='ocrx_word' id='word_1_33' title='bbox 1435 554 1505 609; x_wconf 88' lang='lat' dir='ltr'>dona</span> <span class='ocrx_word' id='word_1_34' title='bbox 1519 556 1604 619; x_wconf 89' lang='lat' dir='ltr'>nobis,</span> <span class='ocrx_word' id='word_1_35' title='bbox 1620 558 1666 611; x_wconf 90' lang='lat' dir='ltr'>sed</span> <span class='ocrx_word' id='word_1_36' title='bbox 1679 560 1799 631; x_wconf 90' lang='lat' dir='ltr'>exempla</span> <span class='ocrx_word' id='word_1_37' title='bbox 1810 576 1878 617; x_wconf 91' lang='lat' dir='ltr'>eou-</span> 
     </span>
     <span class='ocr_line' id='line_1_4' title="bbox 235 620 1876 699; baseline 0.003 -18"><span class='ocrx_word' id='word_1_38' title='bbox 235 640 293 687; x_wconf 82' lang='lat' dir='ltr'>rst,</span> <span class='ocrx_word' id='word_1_39' title='bbox 310 636 414 695; x_wconf 77' lang='lat' dir='ltr'>purtem</span> <span class='ocrx_word' id='word_1_40' title='bbox 433 641 533 695; x_wconf 86' lang='lat' dir='ltr'>ponere</span> <span class='ocrx_word' id='word_1_41' title='bbox 550 625 616 678; x_wconf 86' lang='lat' dir='ltr'>satis</span> <span class='ocrx_word' id='word_1_42' title='bbox 633 624 769 677; x_wconf 79' lang='lat' dir='ltr'>clusimus.</span> <span class='ocrx_word' id='word_1_43' title='bbox 788 620 911 675; x_wconf 87' lang='lat' dir='ltr'>inserens</span> <span class='ocrx_word' id='word_1_44' title='bbox 924 635 955 675; x_wconf 88' lang='lat' dir='ltr'>se</span> <span class='ocrx_word' id='word_1_45' title='bbox 968 636 1034 690; x_wconf 83' lang='lat' dir='ltr'>ergo</span> <span class='ocrx_word' id='word_1_46' title='bbox 1086 626 1178 681; x_wconf 88' lang='lat' dir='ltr'>tulisse</span> <span class='ocrx_word' id='word_1_47' title='bbox 1187 625 1301 679; x_wconf 87' lang='lat' dir='ltr'>rirttnis.</span> <span class='ocrx_word' id='word_1_48' title='bbox 1311 623 1386 679; x_wconf 87' lang='lat' dir='ltr'>Unde</span> <span class='ocrx_word' id='word_1_49' title='bbox 1395 624 1460 681; x_wconf 90' lang='lat' dir='ltr'>dielt</span> <span class='ocrx_word' id='word_1_50' title='bbox 1470 635 1528 694; x_wconf 88' lang='lat' dir='ltr'>pust</span> <span class='ocrx_word' id='word_1_51' title='bbox 1538 626 1682 694; x_wconf 89' lang='lat' dir='ltr'>modicum,</span> <span class='ocrx_word' id='word_1_52' title='bbox 1695 650 1705 682; x_wconf 88' lang='grc' dir='ltr'>ι</span> <span class='ocrx_word' id='word_1_53' title='bbox 1717 630 1876 699; x_wconf 70' lang='lat' dir='ltr'>beipsiuss</span> 
     </span>
     <span class='ocr_line' id='line_1_5' title="bbox 236 690 1879 768; baseline 0.003 -18"><span class='ocrx_word' id='word_1_54' title='bbox 236 700 359 768; x_wconf 80' lang='lat' dir='ltr'>personis</span> <span class='ocrx_word' id='word_1_55' title='bbox 371 711 480 761; x_wconf 83' lang='lat' dir='ltr'>eorum,</span> <span class='ocrx_word' id='word_1_56' title='bbox 493 705 588 749; x_wconf 77' lang='lat' dir='ltr'>esrvura</span> <span class='ocrx_word' id='word_1_57' title='bbox 600 708 669 764; x_wconf 90' lang='lat' dir='ltr'>quos</span> <span class='ocrx_word' id='word_1_58' title='bbox 682 693 732 747; x_wconf 88' lang='lat' dir='ltr'>sub</span> <span class='ocrx_word' id='word_1_59' title='bbox 747 693 856 746; x_wconf 88' lang='lat' dir='ltr'>nurnine</span> <span class='ocrx_word' id='word_1_60' title='bbox 869 690 1032 747; x_wconf 79' lang='lat' dir='ltr'>ilanicbao·</span> <span class='ocrx_word' id='word_1_61' title='bbox 1085 695 1203 767; x_wconf 86' lang='lat' dir='ltr'>inquam,</span> <span class='ocrx_word' id='word_1_62' title='bbox 1217 711 1228 746; x_wconf 93' lang='grc' dir='ltr'>ι</span> <span class='ocrx_word' id='word_1_63' title='bbox 1241 696 1409 763; x_wconf 72' lang='lat' dir='ltr'><strong>susceptione</strong></span> <span class='ocrx_word' id='word_1_64' title='bbox 1418 696 1517 763; x_wconf 80' lang='lat' dir='ltr'>contis,</span> <span class='ocrx_word' id='word_1_65' title='bbox 1529 711 1631 751; x_wconf 91' lang='lat' dir='ltr'>morum</span> <span class='ocrx_word' id='word_1_66' title='bbox 1648 710 1754 767; x_wconf 87' lang='lat' dir='ltr'>peccata</span> <span class='ocrx_word' id='word_1_67' title='bbox 1766 700 1879 755; x_wconf 70' lang='lat' dir='ltr'>mmera-</span> 
     </span>
     <span class='ocr_line' id='line_1_6' title="bbox 235 761 1880 849; baseline 0.002 -27"><span class='ocrx_word' id='word_1_68' title='bbox 235 768 455 849; x_wconf 36' lang='lat' dir='ltr'>rum&#39;pugnaltot,</span> <span class='ocrx_word' id='word_1_69' title='bbox 468 766 506 821; x_wconf 89' lang='lat' dir='ltr'>ait</span> <span class='ocrx_word' id='word_1_70' title='bbox 519 766 590 819; x_wconf 87' lang='lat' dir='ltr'>inter</span> <span class='ocrx_word' id='word_1_71' title='bbox 599 773 716 820; x_wconf 65' lang='lat' dir='ltr'>nien:</span> <span class='ocrx_word' id='word_1_72' title='bbox 732 781 743 815; x_wconf 93' lang='grc' dir='ltr'>ι</span> <span class='ocrx_word' id='word_1_73' title='bbox 759 761 904 817; x_wconf 77' lang='lat' dir='ltr'>Asserebat</span> <span class='ocrx_word' id='word_1_74' title='bbox 916 776 1033 831; x_wconf 84' lang='lat' dir='ltr'>namque</span> <span class='ocrx_word' id='word_1_75' title='bbox 1084 767 1123 821; x_wconf 87' lang='lat' dir='ltr'>rit</span> <span class='ocrx_word' id='word_1_76' title='bbox 1133 782 1140 819; x_wconf 91' lang='lat'>:</span> <span class='ocrx_word' id='word_1_77' title='bbox 1152 782 1205 820; x_wconf 90' lang='lat' dir='ltr'>nou</span> <span class='ocrx_word' id='word_1_78' title='bbox 1218 777 1338 820; x_wconf 81' lang='lat' dir='ltr'>stalttrum</span> <span class='ocrx_word' id='word_1_79' title='bbox 1352 766 1473 822; x_wconf 87' lang='lat' dir='ltr'>videlicet</span> <span class='ocrx_word' id='word_1_80' title='bbox 1485 767 1583 833; x_wconf 81' lang='lat' dir='ltr'>carnis,</span> <span class='ocrx_word' id='word_1_81' title='bbox 1599 768 1645 822; x_wconf 91' lang='lat' dir='ltr'>scd</span> <span class='ocrx_word' id='word_1_82' title='bbox 1660 783 1741 839; x_wconf 89' lang='lat' dir='ltr'>opera</span> <span class='ocrx_word' id='word_1_83' title='bbox 1755 786 1880 827; x_wconf 63' lang='lat' dir='ltr'>cornmur</span> 
     </span>
    </p>
   </div>
   <div class='ocr_carea' id='block_1_3' title="bbox 235 833 1885 5916">
    <p class='ocr_par' dir='ltr' id='par_1_3' title="bbox 235 833 1885 5916">
     <span class='ocr_line' id='line_1_7' title="bbox 235 833 1876 911; baseline 0.006 -23"><span class='ocrx_word' id='word_1_84' title='bbox 235 841 378 908; x_wconf 64' lang='lat' dir='ltr'>«spinum</span> <span class='ocrx_word' id='word_1_85' title='bbox 390 848 498 893; x_wconf 85' lang='lat' dir='ltr'>uestras</span> <span class='ocrx_word' id='word_1_86' title='bbox 509 836 543 891; x_wconf 83' lang='lat' dir='ltr'>ad</span> <span class='ocrx_word' id='word_1_87' title='bbox 562 836 612 890; x_wconf 85' lang='lat' dir='ltr'>hos</span> <span class='ocrx_word' id='word_1_88' title='bbox 629 848 741 905; x_wconf 75' lang='lat' dir='ltr'>pronus</span> <span class='ocrx_word' id='word_1_89' title='bbox 756 833 936 902; x_wconf 83' lang='lat' dir='ltr'>spumantium</span> <span class='ocrx_word' id='word_1_90' title='bbox 950 843 1033 888; x_wconf 83' lang='lat' dir='ltr'>astus</span> <span class='ocrx_word' id='word_1_91' title='bbox 1084 837 1183 902; x_wconf 79' lang='lat' dir='ltr'>undo,</span> <span class='ocrx_word' id='word_1_92' title='bbox 1197 844 1226 890; x_wconf 90' lang='grc' dir='ltr'>ιιι</span> <span class='ocrx_word' id='word_1_93' title='bbox 1240 835 1394 905; x_wconf 75' lang='lat' dir='ltr'>iustihcstio</span> <span class='ocrx_word' id='word_1_94' title='bbox 1408 834 1474 907; x_wconf 88' lang='lat' dir='ltr'>legis</span> <span class='ocrx_word' id='word_1_95' title='bbox 1489 836 1540 892; x_wconf 90' lang='lat' dir='ltr'>sub</span> <span class='ocrx_word' id='word_1_96' title='bbox 1555 839 1681 909; x_wconf 87' lang='lat' dir='ltr'>exemplo</span> <span class='ocrx_word' id='word_1_97' title='bbox 1699 838 1782 911; x_wconf 89' lang='lat' dir='ltr'>ipsius</span> <span class='ocrx_word' id='word_1_98' title='bbox 1798 858 1876 898; x_wconf 90' lang='lat' dir='ltr'>com·</span> 
     </span>
     <span class='ocr_line' id='line_1_8' title="bbox 235 902 1368 978; baseline -0.007 -15"><span class='ocrx_word' id='word_1_99' title='bbox 235 924 361 964; x_wconf 78' lang='lat' dir='ltr'>errorum</span> <span class='ocrx_word' id='word_1_100' title='bbox 374 908 488 973; x_wconf 85' lang='lat' dir='ltr'>ducere,</span> <span class='ocrx_word' id='word_1_101' title='bbox 502 916 533 961; x_wconf 94' lang='lat' dir='ltr'>ut</span> <span class='ocrx_word' id='word_1_102' title='bbox 547 906 708 961; x_wconf 83' lang='lat' dir='ltr'>eslummam</span> <span class='ocrx_word' id='word_1_103' title='bbox 722 914 889 959; x_wconf 75' lang='lat' dir='ltr'>verteremus</span> <span class='ocrx_word' id='word_1_104' title='bbox 902 904 929 957; x_wconf 91' lang='lat' dir='ltr'>in</span> <span class='ocrx_word' id='word_1_105' title='bbox 944 902 1031 972; x_wconf 88' lang='lat' dir='ltr'>ipsum</span> <span class='ocrx_word' id='word_1_106' title='bbox 1084 908 1202 978; x_wconf 75' lang='lat' dir='ltr'>pterernr</span> <span class='ocrx_word' id='word_1_107' title='bbox 1216 908 1242 961; x_wconf 82' lang='lat' dir='ltr'>tn</span> <span class='ocrx_word' id='word_1_108' title='bbox 1256 907 1344 962; x_wconf 68' lang='lat' dir='ltr'>noun.</span> <span class='ocrx_word' id='word_1_109' title='bbox 1358 924 1368 959; x_wconf 81' lang='grc' dir='ltr'>ι</span> 
     </span>
     <span class='ocr_line' id='line_1_9' title="bbox 235 973 1876 1057; baseline 0.002 -23"><span class='ocrx_word' id='word_1_110' title='bbox 235 990 385 1044; x_wconf 74' lang='lat' dir='ltr'>avemresu,</span> <span class='ocrx_word' id='word_1_111' title='bbox 399 988 428 1035; x_wconf 93' lang='lat' dir='ltr'>et</span> <span class='ocrx_word' id='word_1_112' title='bbox 441 978 547 1033; x_wconf 73' lang='lat' dir='ltr'>lernou</span> <span class='ocrx_word' id='word_1_113' title='bbox 560 985 651 1031; x_wconf 75' lang='lat' dir='ltr'>muts</span> <span class='ocrx_word' id='word_1_114' title='bbox 661 974 756 1057; x_wconf 80' lang='lat' dir='ltr'>gratia,</span> <span class='ocrx_word' id='word_1_115' title='bbox 769 988 850 1044; x_wconf 90' lang='lat' dir='ltr'>quem</span> <span class='ocrx_word' id='word_1_116' title='bbox 862 973 973 1029; x_wconf 83' lang='lat' dir='ltr'>erimina</span> <span class='ocrx_word' id='word_1_117' title='bbox 986 974 1031 1056; x_wconf 81' lang='lat' dir='ltr'>ni·</span> <span class='ocrx_word' id='word_1_118' title='bbox 1119 976 1232 1033; x_wconf 79' lang='lat' dir='ltr'>CAPUT</span> <span class='ocrx_word' id='word_1_119' title='bbox 1250 977 1295 1032; x_wconf 87' lang='lat' dir='ltr'>lll.</span> <span class='ocrx_word' id='word_1_120' title='bbox 1313 1006 1350 1018; x_wconf 93' lang='lat'>-</span> <span class='ocrx_word' id='word_1_121' title='bbox 1367 976 1393 1033; x_wconf 87' lang='lat'>8.</span> <span class='ocrx_word' id='word_1_122' title='bbox 1415 976 1480 1033; x_wconf 89' lang='lat' dir='ltr'>llem</span> <span class='ocrx_word' id='word_1_123' title='bbox 1502 978 1529 1033; x_wconf 90' lang='lat' dir='ltr'>in</span> <span class='ocrx_word' id='word_1_124' title='bbox 1548 978 1715 1049; x_wconf 75' lang='lat' dir='ltr'>expositione</span> <span class='ocrx_word' id='word_1_125' title='bbox 1736 982 1876 1051; x_wconf 82' lang='lat' dir='ltr'>rerslmlt,</span> 
     </span>
     <span class='ocr_line' id='line_1_10' title="bbox 236 1047 1876 1121; baseline 0.002 -17"><span class='ocrx_word' id='word_1_126' title='bbox 236 1057 336 1105; x_wconf 76' lang='lat' dir='ltr'>sutirum</span> <span class='ocrx_word' id='word_1_127' title='bbox 353 1050 497 1105; x_wconf 74' lang='lat' dir='ltr'>volumus</span> <span class='ocrx_word' id='word_1_128' title='bbox 515 1047 645 1112; x_wconf 88' lang='lat' dir='ltr'>urebant,</span> <span class='ocrx_word' id='word_1_129' title='bbox 665 1060 749 1116; x_wconf 79' lang='lat' dir='ltr'>ipsam</span> <span class='ocrx_word' id='word_1_130' title='bbox 769 1054 891 1099; x_wconf 76' lang='lat' dir='ltr'>natunm</span> <span class='ocrx_word' id='word_1_131' title='bbox 909 1058 943 1098; x_wconf 89' lang='lat' dir='ltr'>eo</span> <span class='ocrx_word' id='word_1_132' title='bbox 993 1060 1032 1099; x_wconf 88' lang='lat' dir='ltr'>rss</span> <span class='ocrx_word' id='word_1_133' title='bbox 1083 1048 1183 1103; x_wconf 82' lang='lat' dir='ltr'>Collum</span> <span class='ocrx_word' id='word_1_134' title='bbox 1196 1058 1267 1102; x_wconf 81' lang='lat' dir='ltr'>tuum</span> <span class='ocrx_word' id='word_1_135' title='bbox 1278 1048 1343 1103; x_wconf 82' lang='lat' dir='ltr'>sicut</span> <span class='ocrx_word' id='word_1_136' title='bbox 1356 1048 1460 1103; x_wconf 78' lang='lat' dir='ltr'>momliu</span> <span class='ocrx_word' id='word_1_137' title='bbox 1474 1047 1581 1114; x_wconf 70' lang='lat' dir='ltr'>[Contio.</span> <span class='ocrx_word' id='word_1_138' title='bbox 1595 1064 1615 1115; x_wconf 88' lang='lat' dir='ltr'>t,</span> <span class='ocrx_word' id='word_1_139' title='bbox 1625 1048 1665 1120; x_wconf 83' lang='lat'>9).</span> <span class='ocrx_word' id='word_1_140' title='bbox 1677 1048 1741 1105; x_wconf 86' lang='lat' dir='ltr'>Cum</span> <span class='ocrx_word' id='word_1_141' title='bbox 1755 1052 1876 1121; x_wconf 81' lang='lat' dir='ltr'>pulchre,</span> 
     </span>
     <span class='ocr_line' id='line_1_11' title="bbox 236 1115 1875 1191; baseline 0.002 -18"><span class='ocrx_word' id='word_1_142' title='bbox 236 1120 417 1176; x_wconf 79' lang='lat' dir='ltr'>svslrdebustvu</span> <span class='ocrx_word' id='word_1_143' title='bbox 434 1119 568 1184; x_wconf 73' lang='lat' dir='ltr'>intanta,</span> <span class='ocrx_word' id='word_1_144' title='bbox 583 1118 725 1187; x_wconf 81' lang='lat' dir='ltr'>incapaces</span> <span class='ocrx_word' id='word_1_145' title='bbox 739 1115 882 1180; x_wconf 84' lang='lat' dir='ltr'>bonitatis,</span> <span class='ocrx_word' id='word_1_146' title='bbox 895 1125 923 1170; x_wconf 90' lang='lat' dir='ltr'>et</span> <span class='ocrx_word' id='word_1_147' title='bbox 936 1129 1031 1185; x_wconf 88' lang='lat' dir='ltr'>penos</span> <span class='ocrx_word' id='word_1_148' title='bbox 1084 1118 1179 1189; x_wconf 91' lang='lat' dir='ltr'>inquit,</span> <span class='ocrx_word' id='word_1_149' title='bbox 1188 1128 1354 1189; x_wconf 78' lang='grc' dir='ltr'>ριιιιιιιιιιιιιιι</span> <span class='ocrx_word' id='word_1_150' title='bbox 1366 1119 1450 1173; x_wconf 75' lang='lat' dir='ltr'>cereis</span> <span class='ocrx_word' id='word_1_151' title='bbox 1462 1134 1616 1189; x_wconf 82' lang='lat' dir='ltr'>qemnrnrum</span> <span class='ocrx_word' id='word_1_152' title='bbox 1628 1120 1762 1191; x_wconf 77' lang='lat' dir='ltr'>insignitur</span> <span class='ocrx_word' id='word_1_153' title='bbox 1770 1134 1875 1189; x_wconf 85' lang='lat' dir='ltr'>emolu,</span> 
     </span>
     <span class='ocr_line' id='line_1_12' title="bbox 236 1184 1879 1263; baseline 0.003 -20"><span class='ocrx_word' id='word_1_154' title='bbox 236 1192 383 1261; x_wconf 76' lang='lat' dir='ltr'>iniqnitatis</span> <span class='ocrx_word' id='word_1_155' title='bbox 392 1191 419 1245; x_wconf 92' lang='lat' dir='ltr'>in</span> <span class='ocrx_word' id='word_1_156' title='bbox 428 1190 516 1245; x_wconf 82' lang='lat' dir='ltr'>luceru</span> <span class='ocrx_word' id='word_1_157' title='bbox 526 1190 604 1244; x_wconf 84' lang='lat' dir='ltr'>istam</span> <span class='ocrx_word' id='word_1_158' title='bbox 613 1187 764 1243; x_wconf 88' lang='lat' dir='ltr'>uesrenire</span> <span class='ocrx_word' id='word_1_159' title='bbox 773 1186 904 1256; x_wconf 73' lang='lat' dir='ltr'>iurando,</span> <span class='ocrx_word' id='word_1_160' title='bbox 914 1184 1031 1255; x_wconf 77' lang='lat' dir='ltr'>deniqne</span> <span class='ocrx_word' id='word_1_161' title='bbox 1083 1189 1228 1261; x_wconf 67' lang='lat' dir='ltr'>felicitatem</span> <span class='ocrx_word' id='word_1_162' title='bbox 1240 1190 1295 1244; x_wconf 85' lang='lat' dir='ltr'>sine</span> <span class='ocrx_word' id='word_1_163' title='bbox 1305 1188 1381 1243; x_wconf 77' lang='lat' dir='ltr'>tello</span> <span class='ocrx_word' id='word_1_164' title='bbox 1393 1200 1465 1261; x_wconf 83' lang='lat' dir='ltr'>ouqet</span> <span class='ocrx_word' id='word_1_165' title='bbox 1479 1188 1622 1255; x_wconf 64' lang='lat' dir='ltr'>induerim·</span> <span class='ocrx_word' id='word_1_166' title='bbox 1636 1200 1660 1244; x_wconf 92' lang='lat' dir='ltr'>et</span> <span class='ocrx_word' id='word_1_167' title='bbox 1669 1192 1743 1263; x_wconf 82' lang='lat' dir='ltr'>quusi</span> <span class='ocrx_word' id='word_1_168' title='bbox 1757 1208 1785 1246; x_wconf 86' lang='lat' dir='ltr'>se</span> <span class='ocrx_word' id='word_1_169' title='bbox 1795 1194 1879 1263; x_wconf 81' lang='lat' dir='ltr'>dique</span> 
     </span>
     <span class='ocr_line' id='line_1_13' title="bbox 236 1256 1876 1340; baseline 0.001 -25"><span class='ocrx_word' id='word_1_170' title='bbox 236 1265 338 1316; x_wconf 88' lang='lat' dir='ltr'>onlluur</span> <span class='ocrx_word' id='word_1_171' title='bbox 350 1260 408 1316; x_wconf 85' lang='lat' dir='ltr'>lere</span> <span class='ocrx_word' id='word_1_172' title='bbox 424 1260 459 1315; x_wconf 82' lang='lat' dir='ltr'>sd</span> <span class='ocrx_word' id='word_1_173' title='bbox 474 1260 621 1329; x_wconf 78' lang='lat' dir='ltr'>iustitiam,</span> <span class='ocrx_word' id='word_1_174' title='bbox 636 1256 775 1340; x_wconf 66' lang='lat' dir='ltr'>quintuico</span> <span class='ocrx_word' id='word_1_175' title='bbox 791 1257 911 1321; x_wconf 69' lang='lat' dir='ltr'>nthme,</span> <span class='ocrx_word' id='word_1_176' title='bbox 928 1256 976 1309; x_wconf 83' lang='lat' dir='ltr'>scd</span> <span class='ocrx_word' id='word_1_177' title='bbox 993 1271 1028 1311; x_wconf 84' lang='lat' dir='ltr'>rte</span> <span class='ocrx_word' id='word_1_178' title='bbox 1083 1261 1243 1325; x_wconf 81' lang='lat' dir='ltr'>conveniunt,</span> <span class='ocrx_word' id='word_1_179' title='bbox 1254 1260 1336 1314; x_wconf 77' lang='lat' dir='ltr'>honor</span> <span class='ocrx_word' id='word_1_180' title='bbox 1347 1258 1461 1314; x_wconf 73' lang='lat' dir='ltr'>videlicet</span> <span class='ocrx_word' id='word_1_181' title='bbox 1476 1260 1607 1313; x_wconf 87' lang='lat' dir='ltr'>monilium</span> <span class='ocrx_word' id='word_1_182' title='bbox 1620 1271 1644 1315; x_wconf 85' lang='grc' dir='ltr'>ιι</span> <span class='ocrx_word' id='word_1_183' title='bbox 1659 1263 1782 1316; x_wconf 78' lang='lat' dir='ltr'>cervicum</span> <span class='ocrx_word' id='word_1_184' title='bbox 1795 1278 1876 1319; x_wconf 75' lang='lat' dir='ltr'>retm-</span> 
     </span>
     <span class='ocr_line' id='line_1_14' title="bbox 235 1326 1880 1413; baseline -0.001 -24"><span class='ocrx_word' id='word_1_185' title='bbox 235 1348 321 1389; x_wconf 75' lang='lat' dir='ltr'>sacrae</span> <span class='ocrx_word' id='word_1_186' title='bbox 333 1333 441 1403; x_wconf 77' lang='lat' dir='ltr'>quvitlem</span> <span class='ocrx_word' id='word_1_187' title='bbox 458 1331 524 1413; x_wconf 73' lang='lat' dir='ltr'>legis</span> <span class='ocrx_word' id='word_1_188' title='bbox 543 1330 707 1386; x_wconf 74' lang='lat' dir='ltr'>institutione</span> <span class='ocrx_word' id='word_1_189' title='bbox 720 1326 842 1397; x_wconf 87' lang='lat' dir='ltr'>perduci.</span> <span class='ocrx_word' id='word_1_190' title='bbox 863 1327 1032 1409; x_wconf 83' lang='lat' dir='ltr'>llepretiahat</span> <span class='ocrx_word' id='word_1_191' title='bbox 1082 1340 1145 1385; x_wconf 80' lang='grc' dir='ltr'>ιιιιι.</span> <span class='ocrx_word' id='word_1_192' title='bbox 1167 1330 1213 1385; x_wconf 86' lang='lat' dir='ltr'>Sic</span> <span class='ocrx_word' id='word_1_193' title='bbox 1230 1346 1290 1401; x_wconf 77' lang='lat' dir='ltr'>erqo</span> <span class='ocrx_word' id='word_1_194' title='bbox 1307 1338 1332 1384; x_wconf 85' lang='lat' dir='ltr'>et</span> <span class='ocrx_word' id='word_1_195' title='bbox 1351 1330 1379 1383; x_wconf 88' lang='lat' dir='ltr'>in</span> <span class='ocrx_word' id='word_1_196' title='bbox 1401 1339 1434 1396; x_wconf 88' lang='lat' dir='ltr'>te,</span> <span class='ocrx_word' id='word_1_197' title='bbox 1457 1331 1531 1401; x_wconf 78' lang='lat' dir='ltr'>cujus</span> <span class='ocrx_word' id='word_1_198' title='bbox 1551 1332 1740 1401; x_wconf 74' lang='lat' dir='ltr'>generositatem</span> <span class='ocrx_word' id='word_1_199' title='bbox 1759 1332 1880 1389; x_wconf 81' lang='lat' dir='ltr'>doctrine</span> 
     </span>
     <span class='ocr_line' id='line_1_15' title="bbox 237 1397 1878 1473; baseline 0.002 -16"><span class='ocrx_word' id='word_1_200' title='bbox 237 1418 336 1473; x_wconf 80' lang='lat' dir='ltr'>nempe</span> <span class='ocrx_word' id='word_1_201' title='bbox 350 1404 408 1457; x_wconf 78' lang='lat' dir='ltr'>lime</span> <span class='ocrx_word' id='word_1_202' title='bbox 420 1402 511 1471; x_wconf 74' lang='grc' dir='ltr'>ιιιιὶιιιιι</span> <span class='ocrx_word' id='word_1_203' title='bbox 526 1411 649 1457; x_wconf 88' lang='lat' dir='ltr'>naturam</span> <span class='ocrx_word' id='word_1_204' title='bbox 662 1400 752 1454; x_wconf 79' lang='lat' dir='ltr'>earnis</span> <span class='ocrx_word' id='word_1_205' title='bbox 767 1406 796 1453; x_wconf 89' lang='lat' dir='ltr'>el</span> <span class='ocrx_word' id='word_1_206' title='bbox 814 1397 961 1467; x_wconf 77' lang='lat' dir='ltr'>sanguinis.</span> <span class='ocrx_word' id='word_1_207' title='bbox 976 1397 1030 1452; x_wconf 90' lang='lat' dir='ltr'>Sed</span> <span class='ocrx_word' id='word_1_208' title='bbox 1083 1402 1222 1472; x_wconf 73' lang='lat' dir='ltr'>componit,</span> <span class='ocrx_word' id='word_1_209' title='bbox 1236 1402 1376 1455; x_wconf 79' lang='lat' dir='ltr'>muirtules</span> <span class='ocrx_word' id='word_1_210' title='bbox 1386 1416 1450 1471; x_wconf 84' lang='lat' dir='ltr'>quar</span> <span class='ocrx_word' id='word_1_211' title='bbox 1459 1401 1803 1473; x_wconf 80' lang='lat' dir='ltr'>neturchtclvoct‚cliseiplinn</span> <span class='ocrx_word' id='word_1_212' title='bbox 1813 1421 1878 1461; x_wconf 86' lang='lat' dir='ltr'>cosr-</span> 
     </span>
     <span class='ocr_line' id='line_1_16' title="bbox 237 1468 1878 1545; baseline 0.002 -18"><span class='ocrx_word' id='word_1_213' title='bbox 237 1484 377 1545; x_wconf 80' lang='lat' dir='ltr'>postqsam</span> <span class='ocrx_word' id='word_1_214' title='bbox 394 1473 510 1527; x_wconf 86' lang='lat' dir='ltr'>salutare</span> <span class='ocrx_word' id='word_1_215' title='bbox 529 1471 685 1541; x_wconf 77' lang='lat' dir='ltr'>mysterium</span> <span class='ocrx_word' id='word_1_216' title='bbox 706 1469 752 1523; x_wconf 82' lang='lat' dir='ltr'>liei</span> <span class='ocrx_word' id='word_1_217' title='bbox 771 1478 799 1523; x_wconf 90' lang='lat' dir='ltr'>et</span> <span class='ocrx_word' id='word_1_218' title='bbox 819 1468 956 1521; x_wconf 88' lang='lat' dir='ltr'>bominum</span> <span class='ocrx_word' id='word_1_219' title='bbox 974 1468 1031 1523; x_wconf 89' lang='lat' dir='ltr'>lle·</span> <span class='ocrx_word' id='word_1_220' title='bbox 1082 1480 1199 1526; x_wconf 79' lang='grc' dir='ltr'>ιιιιιιιιιιι.</span> <span class='ocrx_word' id='word_1_221' title='bbox 1214 1471 1344 1528; x_wconf 82' lang='lat' dir='ltr'>Proeoul</span> <span class='ocrx_word' id='word_1_222' title='bbox 1355 1470 1467 1532; x_wconf 89' lang='lat' dir='ltr'>diecret,</span> <span class='ocrx_word' id='word_1_223' title='bbox 1480 1470 1570 1526; x_wconf 86' lang='lat' dir='ltr'>Gratia</span> <span class='ocrx_word' id='word_1_224' title='bbox 1585 1471 1700 1536; x_wconf 87' lang='lat' dir='ltr'>inchoet,</span> <span class='ocrx_word' id='word_1_225' title='bbox 1716 1474 1878 1543; x_wconf 88' lang='lat' dir='ltr'>gratiacou·</span> 
     </span>
     <span class='ocr_line' id='line_1_17' title="bbox 236 1538 1876 1664; baseline 0.001 -66"><span class='ocrx_word' id='word_1_226' title='bbox 236 1546 323 1599; x_wconf 76' lang='lat' dir='ltr'>dictor</span> <span class='ocrx_word' id='word_1_227' title='bbox 335 1544 464 1613; x_wconf 90' lang='lat' dir='ltr'>arripuit,</span> <span class='ocrx_word' id='word_1_228' title='bbox 478 1552 508 1597; x_wconf 91' lang='lat' dir='ltr'>ut</span> <span class='ocrx_word' id='word_1_229' title='bbox 520 1540 787 1597; x_wconf 73' lang='lat' dir='ltr'>consummatissime</span> <span class='ocrx_word' id='word_1_230' title='bbox 801 1540 908 1593; x_wconf 84' lang='lat' dir='ltr'>virtutis</span> <span class='ocrx_word' id='word_1_231' title='bbox 919 1538 1031 1592; x_wconf 87' lang='lat' dir='ltr'>datnrus</span> <span class='ocrx_word' id='word_1_232' title='bbox 1082 1553 1208 1605; x_wconf 87' lang='lat' dir='ltr'>summes,</span> <span class='ocrx_word' id='word_1_233' title='bbox 1221 1542 1306 1613; x_wconf 85' lang='lat' dir='ltr'>gralia</span> <span class='ocrx_word' id='word_1_234' title='bbox 1320 1549 1440 1597; x_wconf 80' lang='lat' dir='ltr'>mronct.</span> <span class='ocrx_word' id='word_1_235' title='bbox 1456 1539 1521 1596; x_wconf 89' lang='lat' dir='ltr'>ilem</span> <span class='ocrx_word' id='word_1_236' title='bbox 1540 1550 1599 1664; x_wconf 60' lang='lat' dir='ltr'>post</span> <span class='ocrx_word' id='word_1_237' title='bbox 1618 1542 1756 1598; x_wconf 88' lang='lat' dir='ltr'>innumera</span> <span class='ocrx_word' id='word_1_238' title='bbox 1778 1542 1876 1611; x_wconf 78' lang='lat' dir='ltr'>lustjus-</span> 
     </span>
     <span class='ocr_line' id='line_1_18' title="bbox 236 1610 1878 1684; baseline 0.003 -18"><span class='ocrx_word' id='word_1_239' title='bbox 236 1615 518 1684; x_wconf 78' lang='lat' dir='ltr'>osemplnntnatnram</span> <span class='ocrx_word' id='word_1_240' title='bbox 529 1610 771 1667; x_wconf 88' lang='lat' dir='ltr'>ltominismortalis</span> <span class='ocrx_word' id='word_1_241' title='bbox 777 1617 935 1671; x_wconf 74' lang='lat' dir='ltr'>assumeret,</span> <span class='ocrx_word' id='word_1_242' title='bbox 944 1616 1032 1663; x_wconf 85' lang='lat' dir='ltr'>usten-</span> <span class='ocrx_word' id='word_1_243' title='bbox 1083 1612 1165 1677; x_wconf 86' lang='lat' dir='ltr'>modi,</span> <span class='ocrx_word' id='word_1_244' title='bbox 1179 1628 1240 1683; x_wconf 79' lang='lat' dir='ltr'>qnae</span> <span class='ocrx_word' id='word_1_245' title='bbox 1252 1614 1278 1667; x_wconf 92' lang='lat' dir='ltr'>in</span> <span class='ocrx_word' id='word_1_246' title='bbox 1293 1612 1358 1681; x_wconf 90' lang='lat' dir='ltr'>ipsis</span> <span class='ocrx_word' id='word_1_247' title='bbox 1368 1610 1426 1681; x_wconf 85' lang='lat' dir='ltr'>ejus</span> <span class='ocrx_word' id='word_1_248' title='bbox 1440 1624 1539 1681; x_wconf 89' lang='lat' dir='ltr'>opuseu</span> <span class='ocrx_word' id='word_1_249' title='bbox 1552 1612 1574 1666; x_wconf 90' lang='lat' dir='ltr'>is</span> <span class='ocrx_word' id='word_1_250' title='bbox 1585 1612 1642 1681; x_wconf 91' lang='lat' dir='ltr'>plus</span> <span class='ocrx_word' id='word_1_251' title='bbox 1655 1613 1878 1673; x_wconf 89' lang='lat' dir='ltr'>lcclorlueillhne</span> 
     </span>
     <span class='ocr_line' id='line_1_19' title="bbox 237 1679 1877 1754; baseline 0.002 -17"><span class='ocrx_word' id='word_1_252' title='bbox 237 1689 275 1740; x_wconf 84' lang='lat' dir='ltr'>dit</span> <span class='ocrx_word' id='word_1_253' title='bbox 291 1686 379 1739; x_wconf 86' lang='lat' dir='ltr'>orttuia</span> <span class='ocrx_word' id='word_1_254' title='bbox 391 1684 505 1739; x_wconf 89' lang='lat' dir='ltr'>erimina</span> <span class='ocrx_word' id='word_1_255' title='bbox 518 1696 622 1738; x_wconf 90' lang='lat' dir='ltr'>morum</span> <span class='ocrx_word' id='word_1_256' title='bbox 638 1679 734 1745; x_wconf 87' lang='lat' dir='ltr'>luisse,</span> <span class='ocrx_word' id='word_1_257' title='bbox 747 1693 800 1735; x_wconf 90' lang='lat' dir='ltr'>nou</span> <span class='ocrx_word' id='word_1_258' title='bbox 817 1680 960 1735; x_wconf 88' lang='lat' dir='ltr'>seminum.</span> <span class='ocrx_word' id='word_1_259' title='bbox 977 1680 1029 1733; x_wconf 82' lang='lat' dir='ltr'>lie·</span> <span class='ocrx_word' id='word_1_260' title='bbox 1082 1682 1276 1753; x_wconf 78' lang='lat' dir='ltr'>deprehendet,</span> <span class='ocrx_word' id='word_1_261' title='bbox 1296 1684 1323 1736; x_wconf 92' lang='lat' dir='ltr'>in</span> <span class='ocrx_word' id='word_1_262' title='bbox 1339 1683 1525 1752; x_wconf 75' lang='lat' dir='ltr'>explanatione</span> <span class='ocrx_word' id='word_1_263' title='bbox 1543 1683 1676 1748; x_wconf 86' lang='lat' dir='ltr'>versiculi,</span> <span class='ocrx_word' id='word_1_264' title='bbox 1698 1698 1752 1754; x_wconf 91' lang='lat' dir='ltr'>quo</span> <span class='ocrx_word' id='word_1_265' title='bbox 1772 1684 1877 1740; x_wconf 90' lang='lat' dir='ltr'>dictum</span> 
     </span>
     <span class='ocr_line' id='line_1_20' title="bbox 237 1750 1873 1825; baseline 0.001 -16"><span class='ocrx_word' id='word_1_266' title='bbox 237 1758 317 1825; x_wconf 75' lang='lat' dir='ltr'>trigue</span> <span class='ocrx_word' id='word_1_267' title='bbox 335 1754 515 1810; x_wconf 82' lang='lat' dir='ltr'>uoluntatibus</span> <span class='ocrx_word' id='word_1_268' title='bbox 528 1753 562 1808; x_wconf 86' lang='lat' dir='ltr'>ad</span> <span class='ocrx_word' id='word_1_269' title='bbox 579 1753 689 1808; x_wconf 91' lang='lat' dir='ltr'>meliora</span> <span class='ocrx_word' id='word_1_270' title='bbox 703 1750 858 1816; x_wconf 86' lang='lat' dir='ltr'>eorrrersis,</span> <span class='ocrx_word' id='word_1_271' title='bbox 872 1764 925 1803; x_wconf 88' lang='grc' dir='ltr'>ιιιιιι</span> <span class='ocrx_word' id='word_1_272' title='bbox 942 1750 1030 1804; x_wconf 80' lang='lat' dir='ltr'>solnm</span> <span class='ocrx_word' id='word_1_273' title='bbox 1082 1762 1133 1820; x_wconf 88' lang='lat' dir='ltr'>est,</span> <span class='ocrx_word' id='word_1_274' title='bbox 1144 1753 1340 1825; x_wconf 78' lang='lat' dir='ltr'>Appreierrsinm</span> <span class='ocrx_word' id='word_1_275' title='bbox 1350 1760 1383 1819; x_wconf 92' lang='lat' dir='ltr'>te,</span> <span class='ocrx_word' id='word_1_276' title='bbox 1395 1760 1418 1806; x_wconf 90' lang='grc' dir='ltr'>ιι</span> <span class='ocrx_word' id='word_1_277' title='bbox 1428 1752 1580 1806; x_wconf 82' lang='lat' dir='ltr'>inducmnin</span> <span class='ocrx_word' id='word_1_278' title='bbox 1593 1752 1694 1807; x_wconf 87' lang='lat' dir='ltr'>dmnnrn</span> <span class='ocrx_word' id='word_1_279' title='bbox 1703 1755 1873 1821; x_wconf 77' lang='lat' dir='ltr'>molvium,</span> 
     </span>
     <span class='ocr_line' id='line_1_21' title="bbox 237 1818 1875 1905; baseline 0.001 -26"><span class='ocrx_word' id='word_1_280' title='bbox 237 1830 313 1895; x_wconf 78' lang='lat' dir='ltr'>legis,</span> <span class='ocrx_word' id='word_1_281' title='bbox 323 1825 460 1881; x_wconf 81' lang='lat' dir='ltr'>sedetiam</span> <span class='ocrx_word' id='word_1_282' title='bbox 470 1823 621 1905; x_wconf 82' lang='lat' dir='ltr'>evangelica</span> <span class='ocrx_word' id='word_1_283' title='bbox 634 1830 766 1892; x_wconf 80' lang='lat' dir='ltr'>precepta</span> <span class='ocrx_word' id='word_1_284' title='bbox 777 1834 856 1891; x_wconf 88' lang='lat' dir='ltr'>posse</span> <span class='ocrx_word' id='word_1_285' title='bbox 865 1818 1027 1889; x_wconf 75' lang='lat' dir='ltr'>compleri.»</span> <span class='ocrx_word' id='word_1_286' title='bbox 1082 1824 1117 1878; x_wconf 84' lang='lat' dir='ltr'>itt</span> <span class='ocrx_word' id='word_1_287' title='bbox 1126 1841 1166 1879; x_wconf 87' lang='lat' dir='ltr'>me</span> <span class='ocrx_word' id='word_1_288' title='bbox 1178 1823 1277 1879; x_wconf 72' lang='lat' dir='ltr'>umeris</span> <span class='ocrx_word' id='word_1_289' title='bbox 1288 1822 1406 1895; x_wconf 73' lang='lat' dir='ltr'>(ldrvu,</span> <span class='ocrx_word' id='word_1_290' title='bbox 1419 1822 1464 1894; x_wconf 75' lang='lat'>2);</span> <span class='ocrx_word' id='word_1_291' title='bbox 1479 1822 1611 1893; x_wconf 84' lang='lat' dir='ltr'>potentius</span> <span class='ocrx_word' id='word_1_292' title='bbox 1620 1838 1679 1893; x_wconf 80' lang='lat' dir='ltr'>qum</span> <span class='ocrx_word' id='word_1_293' title='bbox 1688 1833 1779 1881; x_wconf 83' lang='lat' dir='ltr'>contra</span> <span class='ocrx_word' id='word_1_294' title='bbox 1792 1824 1875 1881; x_wconf 89' lang='lat' dir='ltr'>iidem</span> 
     </span>
     <span class='ocr_line' id='line_1_22' title="bbox 236 1889 1876 1967; baseline 0 -18"><span class='ocrx_word' id='word_1_295' title='bbox 236 1899 338 1967; x_wconf 80' lang='lat' dir='ltr'>eribos</span> <span class='ocrx_word' id='word_1_296' title='bbox 346 1895 516 1953; x_wconf 80' lang='lat' dir='ltr'>sermonibus</span> <span class='ocrx_word' id='word_1_297' title='bbox 528 1908 587 1964; x_wconf 78' lang='lat' dir='ltr'>epus</span> <span class='ocrx_word' id='word_1_298' title='bbox 599 1893 717 1949; x_wconf 85' lang='lat' dir='ltr'>breuiter</span> <span class='ocrx_word' id='word_1_299' title='bbox 726 1889 952 1960; x_wconf 88' lang='lat' dir='ltr'>respondendum.</span> <span class='ocrx_word' id='word_1_300' title='bbox 962 1890 1030 1956; x_wconf 76' lang='lat' dir='ltr'>eriu</span> <span class='ocrx_word' id='word_1_301' title='bbox 1082 1909 1180 1950; x_wconf 81' lang='lat' dir='ltr'>resana</span> <span class='ocrx_word' id='word_1_302' title='bbox 1195 1895 1317 1959; x_wconf 87' lang='lat' dir='ltr'>sentiret,</span> <span class='ocrx_word' id='word_1_303' title='bbox 1338 1894 1485 1959; x_wconf 89' lang='lat' dir='ltr'>intimavit,</span> <span class='ocrx_word' id='word_1_304' title='bbox 1510 1894 1602 1947; x_wconf 88' lang='lat' dir='ltr'>diceus</span> <span class='ocrx_word' id='word_1_305' title='bbox 1615 1894 1649 1948; x_wconf 93' lang='lat' dir='ltr'>dc</span> <span class='ocrx_word' id='word_1_306' title='bbox 1663 1894 1775 1950; x_wconf 86' lang='lat' dir='ltr'>Domino</span> <span class='ocrx_word' id='word_1_307' title='bbox 1791 1895 1876 1949; x_wconf 76' lang='lat' dir='ltr'>:lem</span> 
     </span>
     <span class='ocr_line' id='line_1_23' title="bbox 237 1962 1874 2038; baseline -0.001 -17"><span class='ocrx_word' id='word_1_308' title='bbox 237 1982 404 2038; x_wconf 73' lang='lat' dir='ltr'>linguaquam</span> <span class='ocrx_word' id='word_1_309' title='bbox 422 1967 450 2021; x_wconf 91' lang='lat' dir='ltr'>iu</span> <span class='ocrx_word' id='word_1_310' title='bbox 473 1974 609 2021; x_wconf 84' lang='lat' dir='ltr'>auetmem</span> <span class='ocrx_word' id='word_1_311' title='bbox 629 1972 731 2018; x_wconf 82' lang='lat' dir='ltr'>natura</span> <span class='ocrx_word' id='word_1_312' title='bbox 751 1971 851 2016; x_wconf 76' lang='lat' dir='ltr'>nostrae</span> <span class='ocrx_word' id='word_1_313' title='bbox 870 1962 1030 2017; x_wconf 85' lang='lat' dir='ltr'>calumniam</span> <span class='ocrx_word' id='word_1_314' title='bbox 1082 1966 1110 2019; x_wconf 90' lang='lat' dir='ltr'>iu</span> <span class='ocrx_word' id='word_1_315' title='bbox 1123 1966 1180 2035; x_wconf 83' lang='lat' dir='ltr'>ipso</span> <span class='ocrx_word' id='word_1_316' title='bbox 1193 1966 1301 2035; x_wconf 78' lang='lat' dir='ltr'>insontia</span> <span class='ocrx_word' id='word_1_317' title='bbox 1322 1964 1402 2019; x_wconf 87' lang='lat' dir='ltr'>multu</span> <span class='ocrx_word' id='word_1_318' title='bbox 1420 1978 1476 2033; x_wconf 79' lang='lat' dir='ltr'>qum</span> <span class='ocrx_word' id='word_1_319' title='bbox 1489 1963 1584 2018; x_wconf 84' lang='lat' dir='ltr'>discere</span> <span class='ocrx_word' id='word_1_320' title='bbox 1602 1963 1735 2020; x_wconf 79' lang='lat' dir='ltr'>debuemus</span> <span class='ocrx_word' id='word_1_321' title='bbox 1751 1967 1874 2021; x_wconf 77' lang='grc' dir='ltr'>ιιιιιιιιιι.</span> 
     </span>
     <span class='ocr_line' id='line_1_24' title="bbox 237 2034 1877 2107; baseline -0.002 -16"><span class='ocrx_word' id='word_1_322' title='bbox 237 2041 375 2104; x_wconf 79' lang='lat' dir='ltr'>rcrhruus,</span> <span class='ocrx_word' id='word_1_323' title='bbox 389 2052 451 2093; x_wconf 90' lang='lat' dir='ltr'>eum</span> <span class='ocrx_word' id='word_1_324' title='bbox 465 2051 515 2091; x_wconf 90' lang='lat' dir='ltr'>nos</span> <span class='ocrx_word' id='word_1_325' title='bbox 527 2036 554 2091; x_wconf 92' lang='lat' dir='ltr'>in</span> <span class='ocrx_word' id='word_1_326' title='bbox 567 2034 916 2106; x_wconf 85' lang='lat' dir='ltr'>iniquitatibuseouceptos,</span> <span class='ocrx_word' id='word_1_327' title='bbox 929 2040 957 2086; x_wconf 89' lang='lat' dir='ltr'>et</span> <span class='ocrx_word' id='word_1_328' title='bbox 969 2046 1031 2085; x_wconf 89' lang='lat' dir='ltr'>esse</span> <span class='ocrx_word' id='word_1_329' title='bbox 1084 2034 1183 2101; x_wconf 87' lang='lat' dir='ltr'>Primo,</span> <span class='ocrx_word' id='word_1_330' title='bbox 1198 2036 1283 2107; x_wconf 85' lang='lat' dir='ltr'>ipsum</span> <span class='ocrx_word' id='word_1_331' title='bbox 1294 2050 1346 2089; x_wconf 84' lang='lat' dir='ltr'>esse</span> <span class='ocrx_word' id='word_1_332' title='bbox 1360 2034 1475 2105; x_wconf 72' lang='lat' dir='ltr'>opticen</span> <span class='ocrx_word' id='word_1_333' title='bbox 1494 2036 1666 2089; x_wconf 68' lang='lat' dir='ltr'>murenarum</span> <span class='ocrx_word' id='word_1_334' title='bbox 1679 2050 1712 2089; x_wconf 78' lang='lat' dir='ltr'>eu</span> <span class='ocrx_word' id='word_1_335' title='bbox 1730 2038 1836 2090; x_wconf 79' lang='grc' dir='ltr'>ιιιιιιιιιι</span> <span class='ocrx_word' id='word_1_336' title='bbox 1851 2046 1877 2092; x_wconf 80' lang='lat' dir='ltr'>et</span> 
     </span>
     <span class='ocr_line' id='line_1_25' title="bbox 237 2098 1874 2177; baseline -0.007 -5"><span class='ocrx_word' id='word_1_337' title='bbox 237 2111 263 2164; x_wconf 80' lang='grc' dir='ltr'>ἱιι</span> <span class='ocrx_word' id='word_1_338' title='bbox 275 2098 380 2165; x_wconf 83' lang='lat' dir='ltr'>delictis</span> <span class='ocrx_word' id='word_1_339' title='bbox 395 2115 472 2163; x_wconf 53' lang='lat'>¹¹³2&amp;</span> <span class='ocrx_word' id='word_1_340' title='bbox 484 2106 616 2171; x_wconf 64' lang='lat' dir='ltr'>illelmi</span> <span class='ocrx_word' id='word_1_341' title='bbox 632 2103 681 2161; x_wconf 68' lang='lat' dir='ltr'>wll</span> <span class='ocrx_word' id='word_1_342' title='bbox 694 2102 811 2159; x_wconf 65' lang='lat' dir='ltr'>fallemur</span> <span class='ocrx_word' id='word_1_343' title='bbox 820 2103 882 2173; x_wconf 90' lang='lat' dir='ltr'>qnia</span> <span class='ocrx_word' id='word_1_344' title='bbox 897 2103 923 2158; x_wconf 88' lang='lat' dir='ltr'>iu</span> <span class='ocrx_word' id='word_1_345' title='bbox 938 2104 1032 2171; x_wconf 84' lang='lat' dir='ltr'>primis</span> <span class='ocrx_word' id='word_1_346' title='bbox 1083 2107 1185 2176; x_wconf 71' lang='lat' dir='ltr'>senune</span> <span class='ocrx_word' id='word_1_347' title='bbox 1197 2106 1373 2177; x_wconf 71' lang='lat' dir='ltr'>conpunctione</span> <span class='ocrx_word' id='word_1_348' title='bbox 1384 2104 1548 2169; x_wconf 85' lang='lat' dir='ltr'>noscentium,</span> <span class='ocrx_word' id='word_1_349' title='bbox 1565 2106 1607 2171; x_wconf 85' lang='lat' dir='ltr'>qui</span> <span class='ocrx_word' id='word_1_350' title='bbox 1628 2105 1675 2159; x_wconf 84' lang='lat' dir='ltr'>sili</span> <span class='ocrx_word' id='word_1_351' title='bbox 1689 2106 1743 2161; x_wconf 89' lang='lat' dir='ltr'>sine</span> <span class='ocrx_word' id='word_1_352' title='bbox 1756 2107 1874 2161; x_wconf 73' lang='lat' dir='ltr'>nimete-</span> 
     </span>
     <span class='ocr_line' id='line_1_26' title="bbox 237 2172 1878 2247; baseline -0.001 -14"><span class='ocrx_word' id='word_1_353' title='bbox 237 2190 340 2235; x_wconf 82' lang='lat' dir='ltr'>noturae</span> <span class='ocrx_word' id='word_1_354' title='bbox 355 2192 452 2234; x_wconf 80' lang='lat' dir='ltr'>nosue</span> <span class='ocrx_word' id='word_1_355' title='bbox 465 2176 620 2247; x_wconf 83' lang='lat' dir='ltr'>parentibus</span> <span class='ocrx_word' id='word_1_356' title='bbox 633 2174 666 2230; x_wconf 85' lang='lat' dir='ltr'>ad</span> <span class='ocrx_word' id='word_1_357' title='bbox 680 2174 740 2245; x_wconf 82' lang='lat' dir='ltr'>ejus</span> <span class='ocrx_word' id='word_1_358' title='bbox 752 2172 953 2229; x_wconf 89' lang='lat' dir='ltr'>similitudinem</span> <span class='ocrx_word' id='word_1_359' title='bbox 968 2172 1031 2227; x_wconf 73' lang='lat' dir='ltr'>lacti</span> <span class='ocrx_word' id='word_1_360' title='bbox 1083 2176 1122 2231; x_wconf 85' lang='lat' dir='ltr'>rio</span> <span class='ocrx_word' id='word_1_361' title='bbox 1139 2176 1186 2231; x_wconf 84' lang='lat' dir='ltr'>oiri</span> <span class='ocrx_word' id='word_1_362' title='bbox 1205 2192 1297 2247; x_wconf 83' lang='lat' dir='ltr'>corpus</span> <span class='ocrx_word' id='word_1_363' title='bbox 1316 2191 1348 2230; x_wconf 83' lang='lat' dir='ltr'>er</span> <span class='ocrx_word' id='word_1_364' title='bbox 1365 2175 1462 2245; x_wconf 72' lang='lat' dir='ltr'>uirgine</span> <span class='ocrx_word' id='word_1_365' title='bbox 1478 2174 1633 2243; x_wconf 74' lang='lat' dir='ltr'>[concertet.</span> <span class='ocrx_word' id='word_1_366' title='bbox 1654 2174 1759 2243; x_wconf 68' lang='lat' dir='ltr'>heom,</span> <span class='ocrx_word' id='word_1_367' title='bbox 1776 2179 1878 2232; x_wconf 84' lang='lat' dir='ltr'>nultum</span> 
     </span>
     <span class='ocr_line' id='line_1_27' title="bbox 235 2243 1877 2318; baseline -0.008 -13"><span class='ocrx_word' id='word_1_368' title='bbox 235 2266 339 2311; x_wconf 81' lang='lat' dir='ltr'>mnrrtss.</span> <span class='ocrx_word' id='word_1_369' title='bbox 354 2261 382 2305; x_wconf 92' lang='grc' dir='ltr'>ιιι</span> <span class='ocrx_word' id='word_1_370' title='bbox 397 2247 561 2304; x_wconf 89' lang='lat' dir='ltr'>immortales</span> <span class='ocrx_word' id='word_1_371' title='bbox 573 2246 673 2303; x_wconf 78' lang='lat' dir='ltr'>elsim</span> <span class='ocrx_word' id='word_1_372' title='bbox 686 2255 806 2315; x_wconf 86' lang='lat' dir='ltr'>peccato,</span> <span class='ocrx_word' id='word_1_373' title='bbox 821 2244 848 2298; x_wconf 93' lang='lat' dir='ltr'>in</span> <span class='ocrx_word' id='word_1_374' title='bbox 862 2243 967 2299; x_wconf 87' lang='lat' dir='ltr'>deliciis</span> <span class='ocrx_word' id='word_1_375' title='bbox 982 2258 1031 2311; x_wconf 82' lang='lat' dir='ltr'>pa-</span> <span class='ocrx_word' id='word_1_376' title='bbox 1084 2258 1213 2318; x_wconf 70' lang='lat' dir='ltr'>pecentnm</span> <span class='ocrx_word' id='word_1_377' title='bbox 1231 2262 1284 2301; x_wconf 62' lang='lat' dir='ltr'>aa</span> <span class='ocrx_word' id='word_1_378' title='bbox 1304 2246 1398 2301; x_wconf 70' lang='lat' dir='ltr'>tonitui</span> <span class='ocrx_word' id='word_1_379' title='bbox 1416 2244 1809 2317; x_wconf 60' lang='lat' dir='ltr'>conpositumqmnnoqnirem</span> <span class='ocrx_word' id='word_1_380' title='bbox 1829 2249 1877 2302; x_wconf 61' lang='lat' dir='ltr'>sup</span> 
     </span>
     <span class='ocr_line' id='line_1_28' title="bbox 235 2312 1877 2391; baseline -0.004 -14"><span class='ocrx_word' id='word_1_381' title='bbox 235 2321 439 2391; x_wconf 79' lang='lat' dir='ltr'>rudisijurante</span> <span class='ocrx_word' id='word_1_382' title='bbox 451 2320 535 2389; x_wconf 83' lang='lat' dir='ltr'>gratia</span> <span class='ocrx_word' id='word_1_383' title='bbox 550 2318 609 2387; x_wconf 81' lang='lat' dir='ltr'>ejus</span> <span class='ocrx_word' id='word_1_384' title='bbox 626 2317 777 2371; x_wconf 79' lang='lat' dir='ltr'>viveremus</span> <span class='ocrx_word' id='word_1_385' title='bbox 791 2332 798 2368; x_wconf 92' lang='lat'><strong>:</strong></span> <span class='ocrx_word' id='word_1_386' title='bbox 813 2328 893 2385; x_wconf 84' lang='lat' dir='ltr'>quam</span> <span class='ocrx_word' id='word_1_387' title='bbox 906 2312 1032 2369; x_wconf 87' lang='lat' dir='ltr'>videlieet</span> <span class='ocrx_word' id='word_1_388' title='bbox 1083 2328 1107 2372; x_wconf 83' lang='lat' dir='ltr'>et</span> <span class='ocrx_word' id='word_1_389' title='bbox 1118 2318 1202 2372; x_wconf 87' lang='lat' dir='ltr'>cornis</span> <span class='ocrx_word' id='word_1_390' title='bbox 1211 2316 1502 2383; x_wconf 74' lang='lat' dir='ltr'>ventuleeireumtlotus,</span> <span class='ocrx_word' id='word_1_391' title='bbox 1514 2324 1538 2369; x_wconf 86' lang='lat' dir='ltr'>ct</span> <span class='ocrx_word' id='word_1_392' title='bbox 1549 2316 1655 2371; x_wconf 81' lang='lat' dir='ltr'>macule</span> <span class='ocrx_word' id='word_1_393' title='bbox 1667 2317 1786 2371; x_wconf 86' lang='lat' dir='ltr'>immunis</span> <span class='ocrx_word' id='word_1_394' title='bbox 1795 2319 1877 2372; x_wconf 77' lang='lat' dir='ltr'>eusti-</span> 
     </span>
     <span class='ocr_line' id='line_1_29' title="bbox 237 2383 1879 2459; baseline -0.004 -13"><span class='ocrx_word' id='word_1_395' title='bbox 237 2392 417 2449; x_wconf 87' lang='lat' dir='ltr'>beatissimam</span> <span class='ocrx_word' id='word_1_396' title='bbox 432 2391 492 2445; x_wconf 81' lang='lat' dir='ltr'>vise</span> <span class='ocrx_word' id='word_1_397' title='bbox 510 2389 651 2459; x_wconf 84' lang='lat' dir='ltr'>primitivae</span> <span class='ocrx_word' id='word_1_398' title='bbox 669 2384 841 2449; x_wconf 87' lang='lat' dir='ltr'>munditiam,</span> <span class='ocrx_word' id='word_1_399' title='bbox 856 2384 880 2439; x_wconf 89' lang='lat' dir='ltr'>si</span> <span class='ocrx_word' id='word_1_400' title='bbox 894 2383 1031 2439; x_wconf 89' lang='lat' dir='ltr'>custodire</span> <span class='ocrx_word' id='word_1_401' title='bbox 1083 2390 1152 2443; x_wconf 85' lang='lat' dir='ltr'>terit.</span> <span class='ocrx_word' id='word_1_402' title='bbox 1166 2387 1308 2455; x_wconf 79' lang='lat' dir='ltr'>Postremo,</span> <span class='ocrx_word' id='word_1_403' title='bbox 1322 2386 1445 2457; x_wconf 76' lang='lat' dir='ltr'>unginem</span> <span class='ocrx_word' id='word_1_404' title='bbox 1459 2394 1571 2439; x_wconf 88' lang='lat' dir='ltr'>nostmns</span> <span class='ocrx_word' id='word_1_405' title='bbox 1584 2401 1636 2440; x_wconf 90' lang='lat' dir='ltr'>nun</span> <span class='ocrx_word' id='word_1_406' title='bbox 1648 2402 1721 2457; x_wconf 84' lang='lat' dir='ltr'>poste</span> <span class='ocrx_word' id='word_1_407' title='bbox 1739 2387 1788 2442; x_wconf 85' lang='lat' dir='ltr'>nisi</span> <span class='ocrx_word' id='word_1_408' title='bbox 1797 2387 1879 2458; x_wconf 74' lang='lat' dir='ltr'>insipie</span> 
     </span>
     <span class='ocr_line' id='line_1_30' title="bbox 235 2453 1875 2531; baseline -0.004 -14"><span class='ocrx_word' id='word_1_409' title='bbox 235 2468 361 2519; x_wconf 84' lang='lat' dir='ltr'>curarent</span> <span class='ocrx_word' id='word_1_410' title='bbox 373 2462 422 2531; x_wconf 92' lang='lat' dir='ltr'>ipsi</span> <span class='ocrx_word' id='word_1_411' title='bbox 437 2458 601 2530; x_wconf 78' lang='lat' dir='ltr'>protoplasti,</span> <span class='ocrx_word' id='word_1_412' title='bbox 612 2466 639 2513; x_wconf 95' lang='lat' dir='ltr'>el</span> <span class='ocrx_word' id='word_1_413' title='bbox 649 2471 702 2511; x_wconf 93' lang='lat' dir='ltr'>uon</span> <span class='ocrx_word' id='word_1_414' title='bbox 714 2456 800 2526; x_wconf 87' lang='lat' dir='ltr'>magis</span> <span class='ocrx_word' id='word_1_415' title='bbox 811 2455 882 2511; x_wconf 89' lang='lat' dir='ltr'>hosti</span> <span class='ocrx_word' id='word_1_416' title='bbox 892 2453 1032 2511; x_wconf 83' lang='lat' dir='ltr'>crederent</span> <span class='ocrx_word' id='word_1_417' title='bbox 1082 2458 1177 2515; x_wconf 80' lang='lat' dir='ltr'>dioboli</span> <span class='ocrx_word' id='word_1_418' title='bbox 1191 2459 1307 2529; x_wconf 82' lang='lat' dir='ltr'>operibus</span> <span class='ocrx_word' id='word_1_419' title='bbox 1319 2456 1438 2523; x_wconf 68' lang='lat' dir='ltr'>munti,</span> <span class='ocrx_word' id='word_1_420' title='bbox 1450 2470 1507 2527; x_wconf 79' lang='lat' dir='ltr'>que</span> <span class='ocrx_word' id='word_1_421' title='bbox 1521 2455 1641 2511; x_wconf 83' lang='lat' dir='ltr'>Deutero</span> <span class='ocrx_word' id='word_1_422' title='bbox 1653 2473 1702 2511; x_wconf 85' lang='lat' dir='ltr'>non</span> <span class='ocrx_word' id='word_1_423' title='bbox 1715 2458 1797 2512; x_wconf 86' lang='lat' dir='ltr'>solum</span> <span class='ocrx_word' id='word_1_424' title='bbox 1808 2474 1875 2512; x_wconf 86' lang='lat' dir='ltr'>con·</span> 
     </span>
     <span class='ocr_line' id='line_1_31' title="bbox 236 2526 1877 2604; baseline -0.002 -18"><span class='ocrx_word' id='word_1_425' title='bbox 236 2548 316 2604; x_wconf 87' lang='lat' dir='ltr'>qoam</span> <span class='ocrx_word' id='word_1_426' title='bbox 328 2532 442 2595; x_wconf 91' lang='lat' dir='ltr'>auctori,</span> <span class='ocrx_word' id='word_1_427' title='bbox 457 2546 541 2599; x_wconf 70' lang='lat' dir='ltr'>usqne</span> <span class='ocrx_word' id='word_1_428' title='bbox 554 2528 635 2583; x_wconf 88' lang='lat' dir='ltr'>hodie</span> <span class='ocrx_word' id='word_1_429' title='bbox 647 2526 787 2599; x_wconf 89' lang='lat' dir='ltr'>progenies</span> <span class='ocrx_word' id='word_1_430' title='bbox 799 2541 833 2581; x_wconf 90' lang='lat' dir='ltr'>es</span> <span class='ocrx_word' id='word_1_431' title='bbox 844 2526 885 2581; x_wconf 92' lang='lat' dir='ltr'>eis</span> <span class='ocrx_word' id='word_1_432' title='bbox 897 2534 989 2580; x_wconf 87' lang='lat' dir='ltr'>saneta</span> <span class='ocrx_word' id='word_1_433' title='bbox 1004 2533 1032 2579; x_wconf 89' lang='lat' dir='ltr'>et</span> <span class='ocrx_word' id='word_1_434' title='bbox 1083 2531 1174 2593; x_wconf 81' lang='lat' dir='ltr'>ditare,</span> <span class='ocrx_word' id='word_1_435' title='bbox 1194 2528 1239 2582; x_wconf 84' lang='lat' dir='ltr'>sed</span> <span class='ocrx_word' id='word_1_436' title='bbox 1258 2528 1333 2583; x_wconf 86' lang='lat' dir='ltr'>etium</span> <span class='ocrx_word' id='word_1_437' title='bbox 1350 2527 1491 2581; x_wconf 85' lang='lat' dir='ltr'>iniitotore</span> <span class='ocrx_word' id='word_1_438' title='bbox 1510 2527 1686 2597; x_wconf 73' lang='lat' dir='ltr'>conposuerat.</span> <span class='ocrx_word' id='word_1_439' title='bbox 1708 2527 1765 2583; x_wconf 83' lang='lat' dir='ltr'>Nou</span> <span class='ocrx_word' id='word_1_440' title='bbox 1785 2528 1877 2583; x_wconf 87' lang='lat' dir='ltr'>solnm</span> 
     </span>
     <span class='ocr_line' id='line_1_32' title="bbox 236 2594 1876 2674; baseline -0.002 -17"><span class='ocrx_word' id='word_1_441' title='bbox 236 2605 392 2674; x_wconf 88' lang='lat' dir='ltr'>impolluta,</span> <span class='ocrx_word' id='word_1_442' title='bbox 404 2599 516 2656; x_wconf 84' lang='lat' dir='ltr'>delicias</span> <span class='ocrx_word' id='word_1_443' title='bbox 530 2598 662 2670; x_wconf 86' lang='lat' dir='ltr'>paradisi,</span> <span class='ocrx_word' id='word_1_444' title='bbox 678 2595 772 2652; x_wconf 87' lang='lat' dir='ltr'>mortis</span> <span class='ocrx_word' id='word_1_445' title='bbox 788 2596 911 2652; x_wconf 90' lang='lat' dir='ltr'>simulet</span> <span class='ocrx_word' id='word_1_446' title='bbox 928 2594 1031 2665; x_wconf 85' lang='lat' dir='ltr'>peccati</span> <span class='ocrx_word' id='word_1_447' title='bbox 1083 2610 1171 2655; x_wconf 87' lang='lat' dir='ltr'>autem</span> <span class='ocrx_word' id='word_1_448' title='bbox 1184 2598 1242 2655; x_wconf 80' lang='lat' dir='ltr'>bae</span> <span class='ocrx_word' id='word_1_449' title='bbox 1267 2597 1379 2654; x_wconf 88' lang='lat' dir='ltr'>diceudo</span> <span class='ocrx_word' id='word_1_450' title='bbox 1391 2612 1511 2654; x_wconf 89' lang='lat' dir='ltr'>errorem</span> <span class='ocrx_word' id='word_1_451' title='bbox 1526 2596 1614 2661; x_wconf 86' lang='lat' dir='ltr'>struit,</span> <span class='ocrx_word' id='word_1_452' title='bbox 1636 2598 1684 2653; x_wconf 88' lang='lat' dir='ltr'>sed</span> <span class='ocrx_word' id='word_1_453' title='bbox 1710 2596 1762 2654; x_wconf 89' lang='lat' dir='ltr'>boc</span> <span class='ocrx_word' id='word_1_454' title='bbox 1784 2598 1876 2669; x_wconf 88' lang='lat' dir='ltr'>ipsum</span> 
     </span>
     <span class='ocr_line' id='line_1_33' title="bbox 237 2667 1879 2739; baseline -0.004 -12"><span class='ocrx_word' id='word_1_455' title='bbox 237 2675 344 2737; x_wconf 81' lang='lat' dir='ltr'>ruscia,</span> <span class='ocrx_word' id='word_1_456' title='bbox 358 2672 497 2729; x_wconf 85' lang='lat' dir='ltr'>incoleret.</span> <span class='ocrx_word' id='word_1_457' title='bbox 511 2672 548 2726; x_wconf 78' lang='lat' dir='ltr'>At</span> <span class='ocrx_word' id='word_1_458' title='bbox 562 2669 626 2725; x_wconf 87' lang='lat' dir='ltr'>dunt</span> <span class='ocrx_word' id='word_1_459' title='bbox 645 2668 717 2723; x_wconf 88' lang='lat' dir='ltr'>nulla</span> <span class='ocrx_word' id='word_1_460' title='bbox 735 2667 896 2722; x_wconf 75' lang='lat' dir='ltr'>necessitate</span> <span class='ocrx_word' id='word_1_461' title='bbox 909 2676 1029 2732; x_wconf 80' lang='lat' dir='ltr'>natvsrse,</span> <span class='ocrx_word' id='word_1_462' title='bbox 1083 2671 1163 2727; x_wconf 75' lang='lat' dir='ltr'>etiarn</span> <span class='ocrx_word' id='word_1_463' title='bbox 1175 2671 1370 2725; x_wconf 87' lang='lat' dir='ltr'>interveniente</span> <span class='ocrx_word' id='word_1_464' title='bbox 1379 2668 1433 2739; x_wconf 90' lang='lat' dir='ltr'>agit</span> <span class='ocrx_word' id='word_1_465' title='bbox 1444 2668 1575 2739; x_wconf 91' lang='lat' dir='ltr'>esemplo.</span> <span class='ocrx_word' id='word_1_466' title='bbox 1588 2667 1654 2723; x_wconf 88' lang='lat' dir='ltr'>llum</span> <span class='ocrx_word' id='word_1_467' title='bbox 1666 2678 1802 2739; x_wconf 80' lang='lat' dir='ltr'>peomtum</span> <span class='ocrx_word' id='word_1_468' title='bbox 1813 2684 1879 2726; x_wconf 76' lang='lat' dir='ltr'>esse</span> 
     </span>
     <span class='ocr_line' id='line_1_34' title="bbox 236 2738 1876 2811; baseline 0.001 -17"><span class='ocrx_word' id='word_1_469' title='bbox 236 2759 330 2799; x_wconf 75' lang='lat' dir='ltr'>verum</span> <span class='ocrx_word' id='word_1_470' title='bbox 344 2744 400 2799; x_wconf 88' lang='lat' dir='ltr'>sola</span> <span class='ocrx_word' id='word_1_471' title='bbox 414 2758 487 2811; x_wconf 84' lang='lat' dir='ltr'>vage</span> <span class='ocrx_word' id='word_1_472' title='bbox 501 2742 598 2796; x_wconf 78' lang='lat' dir='ltr'>mesatis</span> <span class='ocrx_word' id='word_1_473' title='bbox 612 2740 713 2795; x_wconf 89' lang='lat' dir='ltr'>incuria</span> <span class='ocrx_word' id='word_1_474' title='bbox 728 2746 838 2809; x_wconf 84' lang='lat' dir='ltr'>pceeuo</span> <span class='ocrx_word' id='word_1_475' title='bbox 850 2751 1029 2799; x_wconf 86' lang='lat' dir='ltr'>consensere,</span> <span class='ocrx_word' id='word_1_476' title='bbox 1084 2741 1185 2796; x_wconf 89' lang='lat' dir='ltr'>homiui</span> <span class='ocrx_word' id='word_1_477' title='bbox 1212 2740 1381 2811; x_wconf 88' lang='lat' dir='ltr'>congenitum</span> <span class='ocrx_word' id='word_1_478' title='bbox 1403 2746 1515 2793; x_wconf 86' lang='lat' dir='ltr'>testatur</span> <span class='ocrx_word' id='word_1_479' title='bbox 1535 2738 1681 2809; x_wconf 87' lang='lat' dir='ltr'>Scriptura,</span> <span class='ocrx_word' id='word_1_480' title='bbox 1704 2754 1764 2809; x_wconf 82' lang='lat' dir='ltr'>quae</span> <span class='ocrx_word' id='word_1_481' title='bbox 1786 2739 1876 2795; x_wconf 91' lang='lat' dir='ltr'>dicit:</span> 
     </span>
     <span class='ocr_line' id='line_1_35' title="bbox 236 2805 1881 2885; baseline -0.005 -16"><span class='ocrx_word' id='word_1_482' title='bbox 236 2813 431 2885; x_wconf 83' lang='lat' dir='ltr'>svsosqnejusto</span> <span class='ocrx_word' id='word_1_483' title='bbox 442 2808 744 2879; x_wconf 77' lang='lat' dir='ltr'>conditorisjudieiode</span> <span class='ocrx_word' id='word_1_484' title='bbox 756 2810 815 2863; x_wconf 89' lang='lat' dir='ltr'>loco</span> <span class='ocrx_word' id='word_1_485' title='bbox 829 2807 943 2877; x_wconf 89' lang='lat' dir='ltr'>paradisi</span> <span class='ocrx_word' id='word_1_486' title='bbox 955 2805 1030 2861; x_wconf 87' lang='lat' dir='ltr'>volu·</span> <span class='ocrx_word' id='word_1_487' title='bbox 1084 2810 1166 2867; x_wconf 82' lang='lat' dir='ltr'>Graue</span> <span class='ocrx_word' id='word_1_488' title='bbox 1182 2813 1276 2883; x_wconf 76' lang='lat' dir='ltr'>jugum</span> <span class='ocrx_word' id='word_1_489' title='bbox 1291 2826 1367 2881; x_wconf 81' lang='lat' dir='ltr'>super</span> <span class='ocrx_word' id='word_1_490' title='bbox 1388 2810 1454 2878; x_wconf 77' lang='lat' dir='ltr'>filios</span> <span class='ocrx_word' id='word_1_491' title='bbox 1472 2808 1565 2873; x_wconf 78' lang='lat' dir='ltr'>ddum,</span> <span class='ocrx_word' id='word_1_492' title='bbox 1576 2825 1593 2863; x_wconf 89' lang='lat' dir='ltr'>n</span> <span class='ocrx_word' id='word_1_493' title='bbox 1605 2809 1647 2865; x_wconf 84' lang='lat' dir='ltr'>die</span> <span class='ocrx_word' id='word_1_494' title='bbox 1658 2810 1739 2865; x_wconf 75' lang='lat' dir='ltr'>esitus</span> <span class='ocrx_word' id='word_1_495' title='bbox 1749 2810 1781 2864; x_wconf 84' lang='lat' dir='ltr'>de</span> <span class='ocrx_word' id='word_1_496' title='bbox 1790 2820 1881 2866; x_wconf 75' lang='lat' dir='ltr'>ventre</span> 
     </span>
     <span class='ocr_line' id='line_1_36' title="bbox 237 2877 1879 2955; baseline -0.002 -16"><span class='ocrx_word' id='word_1_497' title='bbox 237 2887 316 2955; x_wconf 90' lang='lat' dir='ltr'>ptatis</span> <span class='ocrx_word' id='word_1_498' title='bbox 328 2884 440 2950; x_wconf 81' lang='lat' dir='ltr'>escinei,</span> <span class='ocrx_word' id='word_1_499' title='bbox 449 2898 482 2939; x_wconf 90' lang='lat' dir='ltr'>ae</span> <span class='ocrx_word' id='word_1_500' title='bbox 493 2890 578 2937; x_wconf 83' lang='lat' dir='ltr'>surorte</span> <span class='ocrx_word' id='word_1_501' title='bbox 591 2880 720 2945; x_wconf 87' lang='lat' dir='ltr'>mulctati,</span> <span class='ocrx_word' id='word_1_502' title='bbox 734 2880 835 2949; x_wconf 77' lang='lat' dir='ltr'>peceati</span> <span class='ocrx_word' id='word_1_503' title='bbox 847 2877 917 2948; x_wconf 91' lang='lat' dir='ltr'>quod</span> <span class='ocrx_word' id='word_1_504' title='bbox 929 2886 1031 2933; x_wconf 81' lang='lat' dir='ltr'>tenuere</span> <span class='ocrx_word' id='word_1_505' title='bbox 1083 2882 1276 2945; x_wconf 78' lang='lat' dir='ltr'>nutriseorum,</span> <span class='ocrx_word' id='word_1_506' title='bbox 1284 2880 1464 2950; x_wconf 85' lang='lat' dir='ltr'>usqueindiem</span> <span class='ocrx_word' id='word_1_507' title='bbox 1472 2880 1640 2950; x_wconf 86' lang='lat' dir='ltr'>sepultureein</span> <span class='ocrx_word' id='word_1_508' title='bbox 1649 2890 1752 2933; x_wconf 81' lang='lat' dir='ltr'>matrem</span> <span class='ocrx_word' id='word_1_509' title='bbox 1760 2882 1879 2935; x_wconf 80' lang='grc' dir='ltr'>οιιιιιὶιιιιι</span> 
     </span>
     <span class='ocr_line' id='line_1_37' title="bbox 235 2948 1878 3024; baseline -0.001 -15"><span class='ocrx_word' id='word_1_510' title='bbox 235 2964 437 3020; x_wconf 77' lang='lat' dir='ltr'>connumerant,</span> <span class='ocrx_word' id='word_1_511' title='bbox 456 2953 533 3023; x_wconf 90' lang='lat' dir='ltr'>stirpi</span> <span class='ocrx_word' id='word_1_512' title='bbox 551 2952 696 3022; x_wconf 70' lang='lat' dir='ltr'>peslerique</span> <span class='ocrx_word' id='word_1_513' title='bbox 715 2964 765 3004; x_wconf 89' lang='lat' dir='ltr'>suo</span> <span class='ocrx_word' id='word_1_514' title='bbox 783 2949 917 3018; x_wconf 88' lang='lat' dir='ltr'>reliquere</span> <span class='ocrx_word' id='word_1_515' title='bbox 936 2957 1030 3003; x_wconf 79' lang='grc' dir='ltr'>ιοιιιιι·</span> <span class='ocrx_word' id='word_1_516' title='bbox 1085 2952 1177 3024; x_wconf 79' lang='lat' dir='ltr'>(Eruli.</span> <span class='ocrx_word' id='word_1_517' title='bbox 1189 2966 1233 3017; x_wconf 77' lang='grc' dir='ltr'>ιι,</span> <span class='ocrx_word' id='word_1_518' title='bbox 1247 2952 1285 3022; x_wconf 87' lang='lat' dir='ltr'>l).</span> <span class='ocrx_word' id='word_1_519' title='bbox 1302 2952 1358 3007; x_wconf 90' lang='lat' dir='ltr'>lmo</span> <span class='ocrx_word' id='word_1_520' title='bbox 1370 2948 1421 3005; x_wconf 92' lang='lat' dir='ltr'>boc</span> <span class='ocrx_word' id='word_1_521' title='bbox 1439 2950 1473 3004; x_wconf 89' lang='lat' dir='ltr'>ab</span> <span class='ocrx_word' id='word_1_522' title='bbox 1492 2950 1548 3019; x_wconf 91' lang='lat' dir='ltr'>ipsa</span> <span class='ocrx_word' id='word_1_523' title='bbox 1562 2951 1737 3019; x_wconf 81' lang='lat' dir='ltr'>correcptione</span> <span class='ocrx_word' id='word_1_524' title='bbox 1748 2964 1808 3006; x_wconf 89' lang='lat' dir='ltr'>esse</span> <span class='ocrx_word' id='word_1_525' title='bbox 1823 2951 1878 3007; x_wconf 85' lang='lat' dir='ltr'>lto·</span> 
     </span>
     <span class='ocr_line' id='line_1_38' title="bbox 235 3018 1879 3097; baseline -0.009 -6"><span class='ocrx_word' id='word_1_526' title='bbox 235 3028 323 3097; x_wconf 70' lang='lat' dir='ltr'>sistus</span> <span class='ocrx_word' id='word_1_527' title='bbox 336 3026 485 3081; x_wconf 76' lang='lat' dir='ltr'>factumest</span> <span class='ocrx_word' id='word_1_528' title='bbox 497 3033 525 3079; x_wconf 82' lang='lat' dir='ltr'>ut</span> <span class='ocrx_word' id='word_1_529' title='bbox 537 3022 650 3094; x_wconf 65' lang='lat' dir='ltr'>metali.</span> <span class='ocrx_word' id='word_1_530' title='bbox 664 3018 734 3091; x_wconf 83' lang='lat' dir='ltr'>quot</span> <span class='ocrx_word' id='word_1_531' title='bbox 748 3020 1029 3090; x_wconf 78' lang='lat' dir='ltr'>tpstsponeeonnv-</span> <span class='ocrx_word' id='word_1_532' title='bbox 1084 3023 1148 3078; x_wconf 75' lang='lat' dir='ltr'>mirol</span> <span class='ocrx_word' id='word_1_533' title='bbox 1160 3037 1280 3079; x_wconf 74' lang='lat' dir='ltr'>moron</span> <span class='ocrx_word' id='word_1_534' title='bbox 1293 3019 1585 3086; x_wconf 66' lang='lat' dir='ltr'>consumunmt,</span> <span class='ocrx_word' id='word_1_535' title='bbox 1604 3034 1664 3075; x_wconf 79' lang='lat' dir='ltr'>oon</span> <span class='ocrx_word' id='word_1_536' title='bbox 1684 3020 1796 3076; x_wconf 79' lang='lat' dir='ltr'>bonine</span> <span class='ocrx_word' id='word_1_537' title='bbox 1809 3036 1879 3093; x_wconf 82' lang='lat' dir='ltr'>snp-</span> 
     </span>
     <span class='ocr_line' id='line_1_39' title="bbox 236 3090 1878 3165; baseline -0.005 -14"><span class='ocrx_word' id='word_1_538' title='bbox 236 3105 347 3163; x_wconf 87' lang='lat' dir='ltr'>sevunt,</span> <span class='ocrx_word' id='word_1_539' title='bbox 363 3110 413 3151; x_wconf 87' lang='lat' dir='ltr'>uus</span> <span class='ocrx_word' id='word_1_540' title='bbox 426 3096 507 3151; x_wconf 88' lang='lat' dir='ltr'>eliasu</span> <span class='ocrx_word' id='word_1_541' title='bbox 527 3094 649 3149; x_wconf 75' lang='lat' dir='ltr'>uellentes</span> <span class='ocrx_word' id='word_1_542' title='bbox 669 3100 745 3147; x_wconf 90' lang='lat' dir='ltr'>reato</span> <span class='ocrx_word' id='word_1_543' title='bbox 763 3091 1029 3160; x_wconf 86' lang='lat' dir='ltr'>cortstringeremur:</span> <span class='ocrx_word' id='word_1_544' title='bbox 1085 3094 1187 3165; x_wconf 72' lang='lat' dir='ltr'>plimns</span> <span class='ocrx_word' id='word_1_545' title='bbox 1200 3094 1260 3149; x_wconf 80' lang='lat' dir='ltr'>sil:</span> <span class='ocrx_word' id='word_1_546' title='bbox 1277 3091 1340 3161; x_wconf 84' lang='lat' dir='ltr'>Quia</span> <span class='ocrx_word' id='word_1_547' title='bbox 1359 3099 1439 3161; x_wconf 89' lang='lat' dir='ltr'>polest</span> <span class='ocrx_word' id='word_1_548' title='bbox 1455 3094 1538 3161; x_wconf 69' lang='lat' dir='ltr'>furem</span> <span class='ocrx_word' id='word_1_549' title='bbox 1553 3090 1675 3144; x_wconf 81' lang='lat' dir='ltr'>mundum</span> <span class='ocrx_word' id='word_1_550' title='bbox 1692 3092 1725 3145; x_wconf 85' lang='lat' dir='ltr'>tle</span> <span class='ocrx_word' id='word_1_551' title='bbox 1742 3091 1878 3147; x_wconf 81' lang='lat' dir='ltr'>imntursdo</span> 
     </span>
     <span class='ocr_line' id='line_1_40' title="bbox 237 3159 1879 3238; baseline -0.002 -16"><span class='ocrx_word' id='word_1_552' title='bbox 237 3170 272 3222; x_wconf 84' lang='lat' dir='ltr'>itt</span> <span class='ocrx_word' id='word_1_553' title='bbox 290 3178 318 3224; x_wconf 91' lang='lat' dir='ltr'>ul</span> <span class='ocrx_word' id='word_1_554' title='bbox 337 3182 371 3223; x_wconf 89' lang='lat' dir='ltr'>ne</span> <span class='ocrx_word' id='word_1_555' title='bbox 390 3166 491 3238; x_wconf 84' lang='lat' dir='ltr'>parvuli</span> <span class='ocrx_word' id='word_1_556' title='bbox 505 3163 612 3236; x_wconf 89' lang='lat' dir='ltr'>quidem</span> <span class='ocrx_word' id='word_1_557' title='bbox 626 3162 670 3234; x_wconf 89' lang='lat' dir='ltr'>qui</span> <span class='ocrx_word' id='word_1_558' title='bbox 689 3162 725 3216; x_wconf 91' lang='lat' dir='ltr'>nil</span> <span class='ocrx_word' id='word_1_559' title='bbox 746 3162 807 3217; x_wconf 88' lang='lat' dir='ltr'>boni</span> <span class='ocrx_word' id='word_1_560' title='bbox 822 3160 864 3214; x_wconf 88' lang='lat' dir='ltr'>vcl</span> <span class='ocrx_word' id='word_1_561' title='bbox 885 3159 947 3215; x_wconf 90' lang='lat' dir='ltr'>ntah</span> <span class='ocrx_word' id='word_1_562' title='bbox 962 3160 1031 3218; x_wconf 86' lang='lat' dir='ltr'>velle</span> <span class='ocrx_word' id='word_1_563' title='bbox 1084 3174 1232 3237; x_wconf 81' lang='lat' dir='ltr'>conceptum</span> <span class='ocrx_word' id='word_1_564' title='bbox 1244 3162 1354 3218; x_wconf 82' lang='lat' dir='ltr'>semine?</span> <span class='ocrx_word' id='word_1_565' title='bbox 1368 3160 1462 3216; x_wconf 77' lang='lat' dir='ltr'>Notene</span> <span class='ocrx_word' id='word_1_566' title='bbox 1475 3161 1557 3234; x_wconf 86' lang='lat' dir='ltr'>tuqui</span> <span class='ocrx_word' id='word_1_567' title='bbox 1569 3160 1741 3232; x_wconf 79' lang='lat' dir='ltr'>solmesttol</span> <span class='ocrx_word' id='word_1_568' title='bbox 1753 3178 1806 3227; x_wconf 81' lang='grc' dir='ltr'>ιιι,</span> <span class='ocrx_word' id='word_1_569' title='bbox 1825 3163 1879 3234; x_wconf 77' lang='lat' dir='ltr'>il?</span> 
     </span>
     <span class='ocr_line' id='line_1_41' title="bbox 238 3231 1879 3308; baseline -0.002 -18"><span class='ocrx_word' id='word_1_570' title='bbox 238 3248 364 3308; x_wconf 72' lang='lat' dir='ltr'>possunt,</span> <span class='ocrx_word' id='word_1_571' title='bbox 382 3239 417 3292; x_wconf 90' lang='lat' dir='ltr'>ah</span> <span class='ocrx_word' id='word_1_572' title='bbox 431 3237 482 3294; x_wconf 91' lang='lat' dir='ltr'>boc</span> <span class='ocrx_word' id='word_1_573' title='bbox 498 3237 601 3308; x_wconf 83' lang='lat' dir='ltr'>possint</span> <span class='ocrx_word' id='word_1_574' title='bbox 618 3236 750 3288; x_wconf 90' lang='lat' dir='ltr'>hunumcs</span> <span class='ocrx_word' id='word_1_575' title='bbox 763 3233 899 3295; x_wconf 82' lang='lat' dir='ltr'>existere,</span> <span class='ocrx_word' id='word_1_576' title='bbox 914 3233 965 3286; x_wconf 90' lang='lat' dir='ltr'>nisi</span> <span class='ocrx_word' id='word_1_577' title='bbox 979 3231 1030 3286; x_wconf 90' lang='lat' dir='ltr'>do-</span> <span class='ocrx_word' id='word_1_578' title='bbox 1083 3235 1119 3291; x_wconf 81' lang='lat' dir='ltr'>Et</span> <span class='ocrx_word' id='word_1_579' title='bbox 1138 3251 1198 3307; x_wconf 76' lang='lat' dir='ltr'>quae</span> <span class='ocrx_word' id='word_1_580' title='bbox 1218 3235 1318 3307; x_wconf 83' lang='lat' dir='ltr'>poterit</span> <span class='ocrx_word' id='word_1_581' title='bbox 1338 3247 1398 3288; x_wconf 87' lang='lat' dir='ltr'>esse</span> <span class='ocrx_word' id='word_1_582' title='bbox 1421 3232 1620 3304; x_wconf 83' lang='lat' dir='ltr'>consequentia,</span> <span class='ocrx_word' id='word_1_583' title='bbox 1641 3243 1671 3287; x_wconf 91' lang='grc' dir='ltr'>ιιι</span> <span class='ocrx_word' id='word_1_584' title='bbox 1690 3233 1750 3290; x_wconf 89' lang='lat' dir='ltr'>ideo</span> <span class='ocrx_word' id='word_1_585' title='bbox 1769 3233 1879 3289; x_wconf 82' lang='lat' dir='ltr'>dicetur</span> 
     </span>
     <span class='ocr_line' id='line_1_42' title="bbox 237 3303 1879 3378; baseline -0.002 -15"><span class='ocrx_word' id='word_1_586' title='bbox 237 3321 318 3364; x_wconf 87' lang='lat' dir='ltr'>nume</span> <span class='ocrx_word' id='word_1_587' title='bbox 336 3310 420 3378; x_wconf 86' lang='lat' dir='ltr'>gratia</span> <span class='ocrx_word' id='word_1_588' title='bbox 440 3308 486 3364; x_wconf 89' lang='lat' dir='ltr'>ilci</span> <span class='ocrx_word' id='word_1_589' title='bbox 506 3322 555 3377; x_wconf 90' lang='lat' dir='ltr'>per</span> <span class='ocrx_word' id='word_1_590' title='bbox 573 3305 663 3364; x_wconf 79' lang='lat' dir='ltr'>lesum</span> <span class='ocrx_word' id='word_1_591' title='bbox 677 3305 812 3360; x_wconf 77' lang='lat' dir='ltr'>(iluisturn</span> <span class='ocrx_word' id='word_1_592' title='bbox 828 3304 967 3357; x_wconf 83' lang='lat' dir='ltr'>houtinuvn</span> <span class='ocrx_word' id='word_1_593' title='bbox 982 3319 1032 3358; x_wconf 87' lang='lat' dir='ltr'>nu·</span> <span class='ocrx_word' id='word_1_594' title='bbox 1084 3306 1184 3362; x_wconf 89' lang='lat' dir='ltr'>uultum</span> <span class='ocrx_word' id='word_1_595' title='bbox 1204 3314 1341 3376; x_wconf 87' lang='lat' dir='ltr'>peceatum</span> <span class='ocrx_word' id='word_1_596' title='bbox 1362 3303 1513 3358; x_wconf 90' lang='lat' dir='ltr'>hominibus</span> <span class='ocrx_word' id='word_1_597' title='bbox 1533 3317 1565 3357; x_wconf 90' lang='lat' dir='ltr'>ex</span> <span class='ocrx_word' id='word_1_598' title='bbox 1586 3303 1695 3358; x_wconf 88' lang='lat' dir='ltr'>tnusculi</span> <span class='ocrx_word' id='word_1_599' title='bbox 1718 3303 1879 3361; x_wconf 78' lang='lat' dir='ltr'>clientium</span> 
     </span>
     <span class='ocr_line' id='line_1_43' title="bbox 236 3372 1874 3448; baseline -0.003 -13"><span class='ocrx_word' id='word_1_600' title='bbox 236 3391 332 3435; x_wconf 65' lang='lat' dir='ltr'>strnut,</span> <span class='ocrx_word' id='word_1_601' title='bbox 345 3379 420 3436; x_wconf 86' lang='lat' dir='ltr'>Uudc</span> <span class='ocrx_word' id='word_1_602' title='bbox 432 3379 558 3447; x_wconf 90' lang='lat' dir='ltr'>probatur</span> <span class='ocrx_word' id='word_1_603' title='bbox 568 3376 620 3431; x_wconf 86' lang='lat' dir='ltr'>lulli</span> <span class='ocrx_word' id='word_1_604' title='bbox 634 3375 765 3438; x_wconf 86' lang='lat' dir='ltr'>lolianus,</span> <span class='ocrx_word' id='word_1_605' title='bbox 776 3389 837 3428; x_wconf 92' lang='lat' dir='ltr'>eum</span> <span class='ocrx_word' id='word_1_606' title='bbox 849 3372 923 3439; x_wconf 82' lang='lat' dir='ltr'>dicit,</span> <span class='ocrx_word' id='word_1_607' title='bbox 938 3391 948 3425; x_wconf 92' lang='grc' dir='ltr'>ι</span> <span class='ocrx_word' id='word_1_608' title='bbox 964 3373 1032 3428; x_wconf 87' lang='lat' dir='ltr'>ilea-</span> <span class='ocrx_word' id='word_1_609' title='bbox 1083 3377 1270 3448; x_wconf 75' lang='lat' dir='ltr'>cortivsuctione</span> <span class='ocrx_word' id='word_1_610' title='bbox 1290 3375 1460 3430; x_wconf 87' lang='lat' dir='ltr'>nascentibus</span> <span class='ocrx_word' id='word_1_611' title='bbox 1473 3388 1533 3429; x_wconf 85' lang='lat' dir='ltr'>esse</span> <span class='ocrx_word' id='word_1_612' title='bbox 1545 3373 1730 3444; x_wconf 89' lang='lat' dir='ltr'>congenitum,</span> <span class='ocrx_word' id='word_1_613' title='bbox 1744 3375 1874 3444; x_wconf 87' lang='lat' dir='ltr'>quonium</span> 
     </span>
     <span class='ocr_line' id='line_1_44' title="bbox 237 3444 1872 3517; baseline -0.002 -13"><span class='ocrx_word' id='word_1_614' title='bbox 237 3465 293 3506; x_wconf 86' lang='lat' dir='ltr'>turn</span> <span class='ocrx_word' id='word_1_615' title='bbox 305 3449 382 3505; x_wconf 89' lang='lat' dir='ltr'>nobis</span> <span class='ocrx_word' id='word_1_616' title='bbox 391 3449 449 3504; x_wconf 91' lang='lat' dir='ltr'>solo</span> <span class='ocrx_word' id='word_1_617' title='bbox 458 3447 570 3504; x_wconf 88' lang='lat' dir='ltr'>crimine</span> <span class='ocrx_word' id='word_1_618' title='bbox 579 3446 723 3502; x_wconf 82' lang='lat' dir='ltr'>volunuuis</span> <span class='ocrx_word' id='word_1_619' title='bbox 732 3459 874 3499; x_wconf 85' lang='lat' dir='ltr'>accerrsnm</span> <span class='ocrx_word' id='word_1_620' title='bbox 884 3461 893 3498; x_wconf 88' lang='lat'>:</span> <span class='ocrx_word' id='word_1_621' title='bbox 905 3461 915 3495; x_wconf 90' lang='grc' dir='ltr'>ι</span> <span class='ocrx_word' id='word_1_622' title='bbox 925 3445 1032 3499; x_wconf 84' lang='lat' dir='ltr'>etsictn</span> <span class='ocrx_word' id='word_1_623' title='bbox 1084 3447 1167 3501; x_wconf 81' lang='lat' dir='ltr'>Filius</span> <span class='ocrx_word' id='word_1_624' title='bbox 1178 3446 1225 3502; x_wconf 85' lang='lat' dir='ltr'>bei</span> <span class='ocrx_word' id='word_1_625' title='bbox 1239 3447 1283 3517; x_wconf 87' lang='lat' dir='ltr'>qui</span> <span class='ocrx_word' id='word_1_626' title='bbox 1299 3446 1349 3500; x_wconf 90' lang='lat' dir='ltr'>sibi</span> <span class='ocrx_word' id='word_1_627' title='bbox 1362 3447 1420 3500; x_wconf 87' lang='lat' dir='ltr'>sine</span> <span class='ocrx_word' id='word_1_628' title='bbox 1434 3444 1582 3499; x_wconf 87' lang='lat' dir='ltr'>ministerio</span> <span class='ocrx_word' id='word_1_629' title='bbox 1599 3444 1649 3500; x_wconf 89' lang='lat' dir='ltr'>viri</span> <span class='ocrx_word' id='word_1_630' title='bbox 1668 3459 1766 3514; x_wconf 88' lang='lat' dir='ltr'>corpus</span> <span class='ocrx_word' id='word_1_631' title='bbox 1775 3460 1810 3500; x_wconf 86' lang='lat' dir='ltr'>es</span> <span class='ocrx_word' id='word_1_632' title='bbox 1820 3447 1872 3501; x_wconf 81' lang='lat' dir='ltr'>vir-</span> 
     </span>
     <span class='ocr_line' id='line_1_45' title="bbox 237 3513 1877 3590; baseline -0.001 -19"><span class='ocrx_word' id='word_1_633' title='bbox 237 3530 299 3590; x_wconf 86' lang='lat' dir='ltr'>post</span> <span class='ocrx_word' id='word_1_634' title='bbox 314 3519 432 3590; x_wconf 85' lang='lat' dir='ltr'>apertius</span> <span class='ocrx_word' id='word_1_635' title='bbox 447 3533 525 3574; x_wconf 88' lang='lat' dir='ltr'>sunm</span> <span class='ocrx_word' id='word_1_636' title='bbox 542 3531 650 3572; x_wconf 87' lang='lat' dir='ltr'>sensum</span> <span class='ocrx_word' id='word_1_637' title='bbox 665 3517 769 3584; x_wconf 90' lang='lat' dir='ltr'>aperuit</span> <span class='ocrx_word' id='word_1_638' title='bbox 782 3514 891 3574; x_wconf 79' lang='lat' dir='ltr'>tlh-ens,</span> <span class='ocrx_word' id='word_1_639' title='bbox 909 3534 919 3565; x_wconf 90' lang='grc' dir='ltr'>ι</span> <span class='ocrx_word' id='word_1_640' title='bbox 935 3513 1031 3568; x_wconf 79' lang='lat' dir='ltr'>onmia</span> <span class='ocrx_word' id='word_1_641' title='bbox 1083 3519 1145 3587; x_wconf 85' lang='lat' dir='ltr'>gine</span> <span class='ocrx_word' id='word_1_642' title='bbox 1156 3516 1303 3581; x_wconf 78' lang='lat' dir='ltr'>fabricavit,</span> <span class='ocrx_word' id='word_1_643' title='bbox 1315 3515 1440 3570; x_wconf 87' lang='lat' dir='ltr'>etcoruis</span> <span class='ocrx_word' id='word_1_644' title='bbox 1451 3515 1561 3569; x_wconf 87' lang='lat' dir='ltr'>veritate</span> <span class='ocrx_word' id='word_1_645' title='bbox 1571 3515 1759 3582; x_wconf 89' lang='lat' dir='ltr'>circumdatus,</span> <span class='ocrx_word' id='word_1_646' title='bbox 1775 3525 1802 3570; x_wconf 93' lang='lat' dir='ltr'>et</span> <span class='ocrx_word' id='word_1_647' title='bbox 1815 3533 1877 3570; x_wconf 83' lang='lat' dir='ltr'>mu-</span> 
     </span>
     <span class='ocr_line' id='line_1_46' title="bbox 237 3584 1877 3655; baseline -0.005 -7"><span class='ocrx_word' id='word_1_648' title='bbox 237 3592 349 3648; x_wconf 85' lang='lat' dir='ltr'>erirnina</span> <span class='ocrx_word' id='word_1_649' title='bbox 362 3605 467 3646; x_wconf 89' lang='lat' dir='ltr'>morum</span> <span class='ocrx_word' id='word_1_650' title='bbox 479 3602 551 3652; x_wconf 90' lang='lat' dir='ltr'>esse,</span> <span class='ocrx_word' id='word_1_651' title='bbox 564 3601 618 3642; x_wconf 85' lang='lat' dir='ltr'>nort</span> <span class='ocrx_word' id='word_1_652' title='bbox 633 3588 775 3641; x_wconf 84' lang='lat' dir='ltr'>sennuuvn.</span> <span class='ocrx_word' id='word_1_653' title='bbox 793 3604 803 3637; x_wconf 86' lang='grc' dir='ltr'>ι</span> <span class='ocrx_word' id='word_1_654' title='bbox 817 3584 954 3640; x_wconf 80' lang='lat' dir='ltr'>Semimru</span> <span class='ocrx_word' id='word_1_655' title='bbox 968 3594 1032 3639; x_wconf 79' lang='lat' dir='ltr'>suut</span> <span class='ocrx_word' id='word_1_656' title='bbox 1083 3588 1151 3642; x_wconf 74' lang='lat' dir='ltr'>euleu</span> <span class='ocrx_word' id='word_1_657' title='bbox 1165 3587 1290 3642; x_wconf 85' lang='lat' dir='ltr'>immunis</span> <span class='ocrx_word' id='word_1_658' title='bbox 1304 3585 1425 3641; x_wconf 80' lang='lat' dir='ltr'>exstitit?</span> <span class='ocrx_word' id='word_1_659' title='bbox 1437 3585 1502 3653; x_wconf 77' lang='lat' dir='ltr'>Quas</span> <span class='ocrx_word' id='word_1_660' title='bbox 1515 3593 1556 3640; x_wconf 85' lang='lat' dir='ltr'>est</span> <span class='ocrx_word' id='word_1_661' title='bbox 1569 3586 1637 3640; x_wconf 89' lang='lat' dir='ltr'>ratio</span> <span class='ocrx_word' id='word_1_662' title='bbox 1650 3599 1828 3655; x_wconf 85' lang='lat' dir='ltr'>eottsequeus,</span> <span class='ocrx_word' id='word_1_663' title='bbox 1846 3599 1877 3642; x_wconf 89' lang='grc' dir='ltr'>ιιι</span> 
     </span>
     <span class='ocr_line' id='line_1_47' title="bbox 237 3655 1876 3732; baseline -0.004 -16"><span class='ocrx_word' id='word_1_664' title='bbox 237 3677 369 3732; x_wconf 88' lang='lat' dir='ltr'>namque,</span> <span class='ocrx_word' id='word_1_665' title='bbox 383 3675 444 3732; x_wconf 78' lang='lat' dir='ltr'>qne</span> <span class='ocrx_word' id='word_1_666' title='bbox 456 3675 491 3716; x_wconf 88' lang='lat' dir='ltr'>cs</span> <span class='ocrx_word' id='word_1_667' title='bbox 508 3658 592 3714; x_wconf 79' lang='lat' dir='ltr'>Adam</span> <span class='ocrx_word' id='word_1_668' title='bbox 606 3657 744 3724; x_wconf 71' lang='lat' dir='ltr'>originalia</span> <span class='ocrx_word' id='word_1_669' title='bbox 758 3657 887 3711; x_wconf 81' lang='lat' dir='ltr'>traximus</span> <span class='ocrx_word' id='word_1_670' title='bbox 902 3672 910 3708; x_wconf 94' lang='lat'><strong>:</strong></span> <span class='ocrx_word' id='word_1_671' title='bbox 926 3669 1031 3710; x_wconf 89' lang='lat' dir='ltr'>morum</span> <span class='ocrx_word' id='word_1_672' title='bbox 1084 3657 1165 3713; x_wconf 90' lang='lat' dir='ltr'>homo</span> <span class='ocrx_word' id='word_1_673' title='bbox 1176 3672 1257 3727; x_wconf 90' lang='lat' dir='ltr'>purus</span> <span class='ocrx_word' id='word_1_674' title='bbox 1267 3657 1443 3713; x_wconf 87' lang='lat' dir='ltr'>innocentium</span> <span class='ocrx_word' id='word_1_675' title='bbox 1454 3669 1509 3712; x_wconf 76' lang='lat' dir='ltr'>snae</span> <span class='ocrx_word' id='word_1_676' title='bbox 1520 3655 1663 3710; x_wconf 83' lang='lat' dir='ltr'>nativimtis</span> <span class='ocrx_word' id='word_1_677' title='bbox 1671 3664 1771 3711; x_wconf 89' lang='lat' dir='ltr'>astruat</span> <span class='ocrx_word' id='word_1_678' title='bbox 1782 3671 1876 3711; x_wconf 87' lang='lat' dir='ltr'>esem-</span> 
     </span>
     <span class='ocr_line' id='line_1_48' title="bbox 237 3725 1878 3798; baseline -0.001 -16"><span class='ocrx_word' id='word_1_679' title='bbox 237 3749 316 3797; x_wconf 83' lang='lat' dir='ltr'>vcro.</span> <span class='ocrx_word' id='word_1_680' title='bbox 330 3733 387 3790; x_wconf 74' lang='lat' dir='ltr'>sire</span> <span class='ocrx_word' id='word_1_681' title='bbox 401 3732 581 3792; x_wconf 83' lang='lat' dir='ltr'>voluuurtum,</span> <span class='ocrx_word' id='word_1_682' title='bbox 595 3743 643 3784; x_wconf 89' lang='lat' dir='ltr'>seu</span> <span class='ocrx_word' id='word_1_683' title='bbox 655 3726 805 3798; x_wconf 85' lang='lat' dir='ltr'>imgilitatis</span> <span class='ocrx_word' id='word_1_684' title='bbox 818 3735 846 3780; x_wconf 93' lang='lat' dir='ltr'>et</span> <span class='ocrx_word' id='word_1_685' title='bbox 860 3727 1030 3796; x_wconf 76' lang='lat' dir='ltr'>ignorantie,</span> <span class='ocrx_word' id='word_1_686' title='bbox 1083 3729 1129 3798; x_wconf 93' lang='lat' dir='ltr'>plo</span> <span class='ocrx_word' id='word_1_687' title='bbox 1142 3729 1196 3784; x_wconf 85' lang='lat' dir='ltr'>stati</span> <span class='ocrx_word' id='word_1_688' title='bbox 1209 3727 1236 3782; x_wconf 91' lang='lat' dir='ltr'>iu</span> <span class='ocrx_word' id='word_1_689' title='bbox 1248 3742 1328 3783; x_wconf 84' lang='lat' dir='ltr'>cartre</span> <span class='ocrx_word' id='word_1_690' title='bbox 1342 3727 1492 3782; x_wconf 87' lang='lat' dir='ltr'>blcdiatoris</span> <span class='ocrx_word' id='word_1_691' title='bbox 1506 3726 1552 3780; x_wconf 84' lang='lat' dir='ltr'>[lei</span> <span class='ocrx_word' id='word_1_692' title='bbox 1567 3733 1594 3781; x_wconf 92' lang='lat' dir='ltr'>el</span> <span class='ocrx_word' id='word_1_693' title='bbox 1606 3725 1753 3792; x_wconf 88' lang='lat' dir='ltr'>hominum,</span> <span class='ocrx_word' id='word_1_694' title='bbox 1765 3741 1826 3780; x_wconf 87' lang='lat' dir='ltr'>curn</span> <span class='ocrx_word' id='word_1_695' title='bbox 1840 3728 1878 3783; x_wconf 92' lang='lat' dir='ltr'>de</span> 
     </span>
     <span class='ocr_line' id='line_1_49' title="bbox 237 3793 1878 3873; baseline -0.004 -17"><span class='ocrx_word' id='word_1_696' title='bbox 237 3805 317 3873; x_wconf 78' lang='lat' dir='ltr'>qusai</span> <span class='ocrx_word' id='word_1_697' title='bbox 351 3805 358 3858; x_wconf 95' lang='lat' dir='ltr'>i</span> <span class='ocrx_word' id='word_1_698' title='bbox 370 3817 477 3873; x_wconf 86' lang='lat' dir='ltr'>pernes</span> <span class='ocrx_word' id='word_1_699' title='bbox 487 3800 598 3858; x_wconf 88' lang='lat' dir='ltr'>crimina</span> <span class='ocrx_word' id='word_1_700' title='bbox 608 3798 739 3856; x_wconf 89' lang='lat' dir='ltr'>addimus.</span> <span class='ocrx_word' id='word_1_701' title='bbox 753 3797 882 3852; x_wconf 77' lang='lat' dir='ltr'>l‘robulur</span> <span class='ocrx_word' id='word_1_702' title='bbox 892 3793 957 3863; x_wconf 84' lang='lat' dir='ltr'>lalli,</span> <span class='ocrx_word' id='word_1_703' title='bbox 968 3811 1030 3851; x_wconf 86' lang='lat' dir='ltr'>etun</span> <span class='ocrx_word' id='word_1_704' title='bbox 1084 3799 1155 3854; x_wconf 89' lang='lat' dir='ltr'>illius</span> <span class='ocrx_word' id='word_1_705' title='bbox 1166 3800 1303 3854; x_wconf 81' lang='lat' dir='ltr'>nativitate</span> <span class='ocrx_word' id='word_1_706' title='bbox 1312 3797 1408 3853; x_wconf 86' lang='lat' dir='ltr'>dixerit</span> <span class='ocrx_word' id='word_1_707' title='bbox 1419 3795 1512 3866; x_wconf 89' lang='lat' dir='ltr'>virgini</span> <span class='ocrx_word' id='word_1_708' title='bbox 1527 3797 1604 3850; x_wconf 86' lang='lat' dir='ltr'>matri</span> <span class='ocrx_word' id='word_1_709' title='bbox 1614 3795 1797 3866; x_wconf 85' lang='lat' dir='ltr'>arcltaugelus,</span> <span class='ocrx_word' id='word_1_710' title='bbox 1809 3797 1878 3868; x_wconf 91' lang='lat' dir='ltr'>Spi-</span> 
     </span>
     <span class='ocr_line' id='line_1_50' title="bbox 237 3865 1878 3944; baseline -0.004 -15"><span class='ocrx_word' id='word_1_711' title='bbox 237 3890 316 3944; x_wconf 84' lang='lat' dir='ltr'>repre</span> <span class='ocrx_word' id='word_1_712' title='bbox 336 3873 411 3931; x_wconf 90' lang='lat' dir='ltr'>eudit</span> <span class='ocrx_word' id='word_1_713' title='bbox 420 3888 468 3930; x_wconf 88' lang='lat' dir='ltr'>eos</span> <span class='ocrx_word' id='word_1_714' title='bbox 479 3872 525 3944; x_wconf 92' lang='lat' dir='ltr'>qui</span> <span class='ocrx_word' id='word_1_715' title='bbox 537 3881 657 3926; x_wconf 83' lang='lat' dir='ltr'>staturam</span> <span class='ocrx_word' id='word_1_716' title='bbox 669 3869 753 3924; x_wconf 90' lang='lat' dir='ltr'>nostri</span> <span class='ocrx_word' id='word_1_717' title='bbox 763 3869 893 3938; x_wconf 89' lang='lat' dir='ltr'>corporis,</span> <span class='ocrx_word' id='word_1_718' title='bbox 907 3881 959 3920; x_wconf 91' lang='lat' dir='ltr'>non</span> <span class='ocrx_word' id='word_1_719' title='bbox 971 3881 1031 3921; x_wconf 77' lang='lat' dir='ltr'>essm</span> <span class='ocrx_word' id='word_1_720' title='bbox 1083 3871 1148 3924; x_wconf 89' lang='lat' dir='ltr'>ritus</span> <span class='ocrx_word' id='word_1_721' title='bbox 1157 3879 1259 3924; x_wconf 87' lang='lat' dir='ltr'>snnclus</span> <span class='ocrx_word' id='word_1_722' title='bbox 1272 3869 1426 3938; x_wconf 81' lang='lat' dir='ltr'>supnueniet</span> <span class='ocrx_word' id='word_1_723' title='bbox 1440 3869 1466 3923; x_wconf 88' lang='lat' dir='ltr'>in</span> <span class='ocrx_word' id='word_1_724' title='bbox 1477 3877 1510 3932; x_wconf 90' lang='lat' dir='ltr'>te,</span> <span class='ocrx_word' id='word_1_725' title='bbox 1525 3876 1548 3920; x_wconf 92' lang='lat' dir='ltr'>et</span> <span class='ocrx_word' id='word_1_726' title='bbox 1559 3867 1638 3922; x_wconf 79' lang='lat' dir='ltr'>eirttu</span> <span class='ocrx_word' id='word_1_727' title='bbox 1651 3865 1774 3922; x_wconf 77' lang='lat' dir='ltr'>ditissimi</span> <span class='ocrx_word' id='word_1_728' title='bbox 1788 3868 1878 3922; x_wconf 77' lang='lat' dir='ltr'>eiurar-</span> 
     </span>
     <span class='ocr_line' id='line_1_51' title="bbox 238 3935 1879 4014; baseline -0.005 -15"><span class='ocrx_word' id='word_1_729' title='bbox 238 3962 298 4014; x_wconf 85' lang='lat' dir='ltr'>qna·</span> <span class='ocrx_word' id='word_1_730' title='bbox 314 3945 466 4014; x_wconf 71' lang='lat' dir='ltr'>protoplasti</span> <span class='ocrx_word' id='word_1_731' title='bbox 485 3953 576 3998; x_wconf 74' lang='lat' dir='ltr'>salicus</span> <span class='ocrx_word' id='word_1_732' title='bbox 594 3949 622 3996; x_wconf 90' lang='lat' dir='ltr'>et</span> <span class='ocrx_word' id='word_1_733' title='bbox 639 3939 796 3996; x_wconf 86' lang='lat' dir='ltr'>immortalis</span> <span class='ocrx_word' id='word_1_734' title='bbox 810 3947 899 3993; x_wconf 89' lang='lat' dir='ltr'>ereata</span> <span class='ocrx_word' id='word_1_735' title='bbox 911 3944 968 4000; x_wconf 86' lang='lat' dir='ltr'>est,</span> <span class='ocrx_word' id='word_1_736' title='bbox 983 3938 1032 3992; x_wconf 85' lang='lat' dir='ltr'>sed</span> <span class='ocrx_word' id='word_1_737' title='bbox 1084 3940 1165 3994; x_wconf 83' lang='lat' dir='ltr'>irniit</span> <span class='ocrx_word' id='word_1_738' title='bbox 1176 3939 1236 4005; x_wconf 84' lang='lat' dir='ltr'>tili,·</span> <span class='ocrx_word' id='word_1_739' title='bbox 1247 3940 1352 4011; x_wconf 83' lang='lat' dir='ltr'>ideoque</span> <span class='ocrx_word' id='word_1_740' title='bbox 1358 3948 1382 3993; x_wconf 91' lang='lat' dir='ltr'>el</span> <span class='ocrx_word' id='word_1_741' title='bbox 1393 3939 1461 4009; x_wconf 86' lang='lat' dir='ltr'>quod</span> <span class='ocrx_word' id='word_1_742' title='bbox 1475 3947 1591 3992; x_wconf 82' lang='lat' dir='ltr'>nmcetur</span> <span class='ocrx_word' id='word_1_743' title='bbox 1602 3953 1634 3991; x_wconf 82' lang='lat' dir='ltr'>ee</span> <span class='ocrx_word' id='word_1_744' title='bbox 1648 3947 1672 3991; x_wconf 91' lang='lat' dir='ltr'>te</span> <span class='ocrx_word' id='word_1_745' title='bbox 1685 3935 1818 4004; x_wconf 83' lang='lat' dir='ltr'>Scortum,</span> <span class='ocrx_word' id='word_1_746' title='bbox 1832 3955 1879 3992; x_wconf 86' lang='lat' dir='ltr'>eo-</span> 
     </span>
     <span class='ocr_line' id='line_1_52' title="bbox 239 4007 1877 4090; baseline -0.004 -22"><span class='ocrx_word' id='word_1_747' title='bbox 239 4015 383 4084; x_wconf 86' lang='lat' dir='ltr'>illamque</span> <span class='ocrx_word' id='word_1_748' title='bbox 397 4024 560 4084; x_wconf 74' lang='lat' dir='ltr'>posternam</span> <span class='ocrx_word' id='word_1_749' title='bbox 574 4009 818 4082; x_wconf 69' lang='lat' dir='ltr'>pocenaricatiouem</span> <span class='ocrx_word' id='word_1_750' title='bbox 830 4009 924 4064; x_wconf 82' lang='lat' dir='ltr'>vitiosa</span> <span class='ocrx_word' id='word_1_751' title='bbox 937 4008 1031 4064; x_wconf 80' lang='lat' dir='ltr'>edecta</span> <span class='ocrx_word' id='word_1_752' title='bbox 1084 4010 1182 4065; x_wconf 86' lang='lat' dir='ltr'>celitur</span> <span class='ocrx_word' id='word_1_753' title='bbox 1194 4009 1278 4065; x_wconf 82' lang='lat' dir='ltr'>Filius</span> <span class='ocrx_word' id='word_1_754' title='bbox 1290 4009 1336 4063; x_wconf 87' lang='lat' dir='ltr'>llei</span> <span class='ocrx_word' id='word_1_755' title='bbox 1350 4007 1426 4079; x_wconf 80' lang='lat' dir='ltr'>(Luc.</span> <span class='ocrx_word' id='word_1_756' title='bbox 1439 4025 1456 4074; x_wconf 93' lang='lat' dir='ltr'>t,</span> <span class='ocrx_word' id='word_1_757' title='bbox 1471 4007 1516 4090; x_wconf 76' lang='lat'>55)</span> <span class='ocrx_word' id='word_1_758' title='bbox 1533 4025 1539 4060; x_wconf 78' lang='grc' dir='ltr'>ι</span> <span class='ocrx_word' id='word_1_759' title='bbox 1554 4017 1651 4062; x_wconf 80' lang='lat' dir='ltr'>nostra·</span> <span class='ocrx_word' id='word_1_760' title='bbox 1665 4019 1753 4063; x_wconf 89' lang='lat' dir='ltr'>autem</span> <span class='ocrx_word' id='word_1_761' title='bbox 1769 4010 1877 4078; x_wconf 85' lang='lat' dir='ltr'>parenti</span> 
     </span>
     <span class='ocr_line' id='line_1_53' title="bbox 239 4077 1876 4152; baseline -0.001 -17"><span class='ocrx_word' id='word_1_762' title='bbox 239 4094 291 4152; x_wconf 86' lang='lat' dir='ltr'>ost,</span> <span class='ocrx_word' id='word_1_763' title='bbox 305 4083 423 4140; x_wconf 81' lang='lat' dir='ltr'>sulsdunt</span> <span class='ocrx_word' id='word_1_764' title='bbox 435 4081 560 4142; x_wconf 74' lang='lat' dir='ltr'>inlumina.</span> <span class='ocrx_word' id='word_1_765' title='bbox 574 4083 704 4147; x_wconf 90' lang='lat' dir='ltr'>dicentes,</span> <span class='ocrx_word' id='word_1_766' title='bbox 718 4080 779 4136; x_wconf 86' lang='lat' dir='ltr'>Seio</span> <span class='ocrx_word' id='word_1_767' title='bbox 790 4079 858 4150; x_wconf 85' lang='lat' dir='ltr'>quod</span> <span class='ocrx_word' id='word_1_768' title='bbox 870 4095 922 4133; x_wconf 89' lang='lat' dir='ltr'>nen</span> <span class='ocrx_word' id='word_1_769' title='bbox 936 4079 1032 4133; x_wconf 81' lang='lat' dir='ltr'>inlitas</span> <span class='ocrx_word' id='word_1_770' title='bbox 1084 4089 1145 4152; x_wconf 87' lang='lat' dir='ltr'>pust</span> <span class='ocrx_word' id='word_1_771' title='bbox 1170 4089 1274 4136; x_wconf 87' lang='lat' dir='ltr'>reolum</span> <span class='ocrx_word' id='word_1_772' title='bbox 1299 4078 1525 4150; x_wconf 76' lang='lat' dir='ltr'>prevaricationis</span> <span class='ocrx_word' id='word_1_773' title='bbox 1549 4077 1645 4132; x_wconf 84' lang='lat' dir='ltr'>dixerit</span> <span class='ocrx_word' id='word_1_774' title='bbox 1668 4077 1755 4148; x_wconf 85' lang='lat' dir='ltr'>justus</span> <span class='ocrx_word' id='word_1_775' title='bbox 1779 4079 1876 4148; x_wconf 82' lang='lat' dir='ltr'>judex,</span> 
     </span>
     <span class='ocr_line' id='line_1_54' title="bbox 239 4147 1878 4223; baseline -0.004 -15"><span class='ocrx_word' id='word_1_776' title='bbox 239 4157 266 4209; x_wconf 89' lang='lat' dir='ltr'>in</span> <span class='ocrx_word' id='word_1_777' title='bbox 279 4171 329 4221; x_wconf 85' lang='lat' dir='ltr'>mc,</span> <span class='ocrx_word' id='word_1_778' title='bbox 346 4155 394 4208; x_wconf 89' lang='lat' dir='ltr'>hoc</span> <span class='ocrx_word' id='word_1_779' title='bbox 406 4163 454 4218; x_wconf 83' lang='lat' dir='ltr'>est,</span> <span class='ocrx_word' id='word_1_780' title='bbox 466 4154 494 4207; x_wconf 88' lang='lat' dir='ltr'>iu</span> <span class='ocrx_word' id='word_1_781' title='bbox 508 4169 585 4206; x_wconf 80' lang='lat' dir='ltr'>corate</span> <span class='ocrx_word' id='word_1_782' title='bbox 595 4149 767 4214; x_wconf 68' lang='lat' dir='ltr'>succederunt</span> <span class='ocrx_word' id='word_1_783' title='bbox 780 4148 875 4220; x_wconf 81' lang='lat' dir='ltr'>(Reos.</span> <span class='ocrx_word' id='word_1_784' title='bbox 891 4165 938 4214; x_wconf 90' lang='lat' dir='ltr'>ru,</span> <span class='ocrx_word' id='word_1_785' title='bbox 953 4149 1004 4219; x_wconf 77' lang='grc'>18)</span> <span class='ocrx_word' id='word_1_786' title='bbox 1023 4167 1030 4204; x_wconf 93' lang='lat'>:</span> <span class='ocrx_word' id='word_1_787' title='bbox 1085 4150 1263 4223; x_wconf 81' lang='lat' dir='ltr'>Multipliccbo</span> <span class='ocrx_word' id='word_1_788' title='bbox 1272 4165 1398 4206; x_wconf 79' lang='lat' dir='ltr'>mmmncs</span> <span class='ocrx_word' id='word_1_789' title='bbox 1412 4159 1477 4212; x_wconf 86' lang='lat' dir='ltr'>tues,</span> <span class='ocrx_word' id='word_1_790' title='bbox 1489 4157 1512 4204; x_wconf 92' lang='lat' dir='ltr'>et</span> <span class='ocrx_word' id='word_1_791' title='bbox 1530 4159 1665 4218; x_wconf 85' lang='lat' dir='ltr'>cottceplus</span> <span class='ocrx_word' id='word_1_792' title='bbox 1680 4157 1736 4203; x_wconf 87' lang='lat' dir='ltr'>tuos</span> <span class='ocrx_word' id='word_1_793' title='bbox 1752 4165 1762 4203; x_wconf 92' lang='lat'>.·</span> <span class='ocrx_word' id='word_1_794' title='bbox 1785 4147 1813 4203; x_wconf 85' lang='lat' dir='ltr'>in</span> <span class='ocrx_word' id='word_1_795' title='bbox 1826 4149 1878 4204; x_wconf 83' lang='lat' dir='ltr'>tlo-</span> 
     </span>
     <span class='ocr_line' id='line_1_55' title="bbox 238 4218 1879 4294; baseline -0.004 -14"><span class='ocrx_word' id='word_1_796' title='bbox 238 4233 267 4280; x_wconf 90' lang='lat' dir='ltr'>cl</span> <span class='ocrx_word' id='word_1_797' title='bbox 279 4225 350 4294; x_wconf 90' lang='lat' dir='ltr'>quod</span> <span class='ocrx_word' id='word_1_798' title='bbox 364 4223 434 4280; x_wconf 87' lang='lat' dir='ltr'>idem</span> <span class='ocrx_word' id='word_1_799' title='bbox 448 4223 585 4292; x_wconf 83' lang='lat' dir='ltr'>apostolus</span> <span class='ocrx_word' id='word_1_800' title='bbox 598 4223 651 4286; x_wconf 91' lang='lat' dir='ltr'>ait,</span> <span class='ocrx_word' id='word_1_801' title='bbox 664 4219 731 4276; x_wconf 86' lang='lat' dir='ltr'>Coro</span> <span class='ocrx_word' id='word_1_802' title='bbox 744 4219 898 4285; x_wconf 83' lang='lat' dir='ltr'>concupiscit</span> <span class='ocrx_word' id='word_1_803' title='bbox 911 4219 968 4272; x_wconf 83' lang='lat' dir='ltr'>edo.</span> <span class='ocrx_word' id='word_1_804' title='bbox 976 4236 1032 4274; x_wconf 83' lang='lat' dir='ltr'>ruo</span> <span class='ocrx_word' id='word_1_805' title='bbox 1084 4221 1138 4275; x_wconf 83' lang='lat' dir='ltr'>lore</span> <span class='ocrx_word' id='word_1_806' title='bbox 1150 4223 1233 4293; x_wconf 85' lang='lat' dir='ltr'>peries</span> <span class='ocrx_word' id='word_1_807' title='bbox 1242 4221 1318 4291; x_wconf 76' lang='lat' dir='ltr'>filios,</span> <span class='ocrx_word' id='word_1_808' title='bbox 1331 4229 1353 4275; x_wconf 94' lang='lat' dir='ltr'>et</span> <span class='ocrx_word' id='word_1_809' title='bbox 1364 4221 1409 4275; x_wconf 84' lang='lat' dir='ltr'>sni</span> <span class='ocrx_word' id='word_1_810' title='bbox 1417 4221 1463 4274; x_wconf 84' lang='lat' dir='ltr'>riri</span> <span class='ocrx_word' id='word_1_811' title='bbox 1475 4229 1596 4290; x_wconf 86' lang='lat' dir='ltr'>poleslute</span> <span class='ocrx_word' id='word_1_812' title='bbox 1605 4219 1655 4274; x_wconf 88' lang='lat' dir='ltr'>eris</span> <span class='ocrx_word' id='word_1_813' title='bbox 1667 4218 1743 4290; x_wconf 85' lang='lat' dir='ltr'>(Gen.</span> <span class='ocrx_word' id='word_1_814' title='bbox 1755 4233 1793 4283; x_wconf 91' lang='lat' dir='ltr'>tu,</span> <span class='ocrx_word' id='word_1_815' title='bbox 1811 4219 1879 4290; x_wconf 74' lang='lat' dir='ltr'>llil?</span> 
     </span>
     <span class='ocr_line' id='line_1_56' title="bbox 239 4289 1877 4366; baseline -0.004 -15"><span class='ocrx_word' id='word_1_816' title='bbox 239 4295 374 4366; x_wconf 59' lang='lat' dir='ltr'>sinerent,</span> <span class='ocrx_word' id='word_1_817' title='bbox 389 4293 493 4366; x_wconf 87' lang='lat' dir='ltr'>spiritus</span> <span class='ocrx_word' id='word_1_818' title='bbox 505 4301 589 4348; x_wconf 84' lang='grc' dir='ltr'>ιιιιιιιιι</span> <span class='ocrx_word' id='word_1_819' title='bbox 600 4291 720 4346; x_wconf 74' lang='lat' dir='ltr'>eduntur</span> <span class='ocrx_word' id='word_1_820' title='bbox 731 4306 832 4344; x_wconf 82' lang='lat' dir='ltr'>cmrrem</span> <span class='ocrx_word' id='word_1_821' title='bbox 845 4305 854 4343; x_wconf 92' lang='grc'>.·</span> <span class='ocrx_word' id='word_1_822' title='bbox 868 4289 923 4344; x_wconf 80' lang='lat' dir='ltr'>loe</span> <span class='ocrx_word' id='word_1_823' title='bbox 934 4296 1032 4343; x_wconf 85' lang='grc' dir='ltr'>ιιιιιιιιιιι</span> <span class='ocrx_word' id='word_1_824' title='bbox 1084 4291 1136 4348; x_wconf 89' lang='lat' dir='ltr'>Sed</span> <span class='ocrx_word' id='word_1_825' title='bbox 1151 4307 1236 4364; x_wconf 85' lang='lat' dir='ltr'>neque</span> <span class='ocrx_word' id='word_1_826' title='bbox 1246 4293 1298 4347; x_wconf 78' lang='lat' dir='ltr'>lunc</span> <span class='ocrx_word' id='word_1_827' title='bbox 1307 4291 1379 4361; x_wconf 90' lang='lat' dir='ltr'>quod</span> <span class='ocrx_word' id='word_1_828' title='bbox 1391 4290 1465 4356; x_wconf 90' lang='lat' dir='ltr'>dicit,</span> <span class='ocrx_word' id='word_1_829' title='bbox 1478 4290 1602 4360; x_wconf 75' lang='lat' dir='ltr'>originem</span> <span class='ocrx_word' id='word_1_830' title='bbox 1616 4299 1788 4344; x_wconf 83' lang='lat' dir='ltr'>nostrumnon</span> <span class='ocrx_word' id='word_1_831' title='bbox 1799 4307 1877 4362; x_wconf 86' lang='lat' dir='ltr'>posse</span> 
     </span>
     <span class='ocr_line' id='line_1_57' title="bbox 238 4357 1880 4434; baseline -0.004 -12"><span class='ocrx_word' id='word_1_832' title='bbox 238 4367 286 4422; x_wconf 82' lang='lat' dir='ltr'>sihi</span> <span class='ocrx_word' id='word_1_833' title='bbox 300 4367 404 4422; x_wconf 66' lang='lat' dir='ltr'>inruens</span> <span class='ocrx_word' id='word_1_834' title='bbox 417 4363 592 4428; x_wconf 84' lang='lat' dir='ltr'>cdeerscirlvr,</span> <span class='ocrx_word' id='word_1_835' title='bbox 606 4370 765 4430; x_wconf 81' lang='lat' dir='ltr'>uteunque</span> <span class='ocrx_word' id='word_1_836' title='bbox 777 4358 919 4427; x_wconf 86' lang='lat' dir='ltr'>uultis,illo</span> <span class='ocrx_word' id='word_1_837' title='bbox 932 4360 1032 4429; x_wconf 75' lang='lat' dir='ltr'>{edetis</span> <span class='ocrx_word' id='word_1_838' title='bbox 1086 4363 1135 4417; x_wconf 87' lang='lat' dir='ltr'>uisi</span> <span class='ocrx_word' id='word_1_839' title='bbox 1159 4363 1237 4434; x_wconf 88' lang='lat' dir='ltr'>impie</span> <span class='ocrx_word' id='word_1_840' title='bbox 1253 4362 1348 4417; x_wconf 81' lang='lat' dir='ltr'>dioboli</span> <span class='ocrx_word' id='word_1_841' title='bbox 1371 4361 1486 4430; x_wconf 83' lang='lat' dir='ltr'>operibus</span> <span class='ocrx_word' id='word_1_842' title='bbox 1505 4360 1627 4424; x_wconf 73' lang='lat' dir='ltr'>adsedii,</span> <span class='ocrx_word' id='word_1_843' title='bbox 1652 4375 1708 4430; x_wconf 79' lang='lat' dir='ltr'>que</span> <span class='ocrx_word' id='word_1_844' title='bbox 1735 4357 1790 4415; x_wconf 81' lang='lat' dir='ltr'>Deo</span> <span class='ocrx_word' id='word_1_845' title='bbox 1817 4377 1880 4416; x_wconf 87' lang='lat' dir='ltr'>vcro</span> 
     </span>
     <span class='ocr_line' id='line_1_58' title="bbox 239 4429 1877 4510; baseline -0.005 -18"><span class='ocrx_word' id='word_1_846' title='bbox 239 4436 337 4507; x_wconf 78' lang='lat' dir='ltr'>(liniet.</span> <span class='ocrx_word' id='word_1_847' title='bbox 352 4453 380 4503; x_wconf 87' lang='lat' dir='ltr'>r,</span> <span class='ocrx_word' id='word_1_848' title='bbox 394 4435 450 4510; x_wconf 85' lang='lat' dir='ltr'>i&#39;l)¹</span> <span class='ocrx_word' id='word_1_849' title='bbox 465 4435 596 4490; x_wconf 84' lang='lat' dir='ltr'>Probatur</span> <span class='ocrx_word' id='word_1_850' title='bbox 609 4431 675 4496; x_wconf 74' lang='lat' dir='ltr'>tolli,</span> <span class='ocrx_word' id='word_1_851' title='bbox 691 4446 751 4487; x_wconf 88' lang='lat' dir='ltr'>ctttu</span> <span class='ocrx_word' id='word_1_852' title='bbox 767 4433 898 4500; x_wconf 83' lang='lat' dir='ltr'>vituperat</span> <span class='ocrx_word' id='word_1_853' title='bbox 913 4445 971 4494; x_wconf 87' lang='lat' dir='ltr'>uus,</span> <span class='ocrx_word' id='word_1_854' title='bbox 985 4429 1032 4500; x_wconf 82' lang='lat' dir='ltr'>qui</span> <span class='ocrx_word' id='word_1_855' title='bbox 1084 4449 1135 4488; x_wconf 89' lang='lat' dir='ltr'>non</span> <span class='ocrx_word' id='word_1_856' title='bbox 1155 4431 1239 4488; x_wconf 86' lang='lat' dir='ltr'>solum</span> <span class='ocrx_word' id='word_1_857' title='bbox 1257 4433 1403 4499; x_wconf 87' lang='lat' dir='ltr'>conditore,</span> <span class='ocrx_word' id='word_1_858' title='bbox 1423 4434 1467 4487; x_wconf 84' lang='lat' dir='ltr'>aed</span> <span class='ocrx_word' id='word_1_859' title='bbox 1487 4431 1562 4486; x_wconf 88' lang='lat' dir='ltr'>etiem</span> <span class='ocrx_word' id='word_1_860' title='bbox 1583 4431 1721 4485; x_wconf 87' lang='lat' dir='ltr'>ltobt&#39;tctore</span> <span class='ocrx_word' id='word_1_861' title='bbox 1741 4431 1877 4502; x_wconf 79' lang='lat' dir='ltr'>penderet,</span> 
     </span>
     <span class='ocr_line' id='line_1_59' title="bbox 242 4500 1878 4574; baseline -0.002 -15"><span class='ocrx_word' id='word_1_862' title='bbox 242 4529 252 4559; x_wconf 85' lang='grc' dir='ltr'>ι</span> <span class='ocrx_word' id='word_1_863' title='bbox 270 4523 320 4564; x_wconf 91' lang='lat' dir='ltr'>nos</span> <span class='ocrx_word' id='word_1_864' title='bbox 334 4507 361 4563; x_wconf 91' lang='lat' dir='ltr'>in</span> <span class='ocrx_word' id='word_1_865' title='bbox 378 4509 466 4564; x_wconf 84' lang='lat' dir='ltr'>lucent</span> <span class='ocrx_word' id='word_1_866' title='bbox 486 4506 564 4562; x_wconf 88' lang='lat' dir='ltr'>istam</span> <span class='ocrx_word' id='word_1_867' title='bbox 583 4504 724 4574; x_wconf 85' lang='lat' dir='ltr'>incapaces</span> <span class='ocrx_word' id='word_1_868' title='bbox 740 4501 882 4567; x_wconf 78' lang='lat' dir='ltr'>boniensis,</span> <span class='ocrx_word' id='word_1_869' title='bbox 897 4514 921 4558; x_wconf 89' lang='lat' dir='ltr'>et</span> <span class='ocrx_word' id='word_1_870' title='bbox 939 4502 1032 4568; x_wconf 88' lang='lat' dir='ltr'>plenos</span> <span class='ocrx_word' id='word_1_871' title='bbox 1084 4517 1130 4559; x_wconf 87' lang='lat' dir='ltr'>aut</span> <span class='ocrx_word' id='word_1_872' title='bbox 1146 4503 1278 4560; x_wconf 82' lang='lat' dir='ltr'>catholice</span> <span class='ocrx_word' id='word_1_873' title='bbox 1297 4511 1344 4558; x_wconf 88' lang='lat' dir='ltr'>aut</span> <span class='ocrx_word' id='word_1_874' title='bbox 1365 4509 1559 4573; x_wconf 78' lang='lat' dir='ltr'>consequenter</span> <span class='ocrx_word' id='word_1_875' title='bbox 1573 4500 1644 4557; x_wconf 89' lang='lat' dir='ltr'>lecit.</span> <span class='ocrx_word' id='word_1_876' title='bbox 1663 4501 1730 4569; x_wconf 81' lang='lat' dir='ltr'>Qttia</span> <span class='ocrx_word' id='word_1_877' title='bbox 1746 4500 1878 4556; x_wconf 87' lang='lat' dir='ltr'>nimirum</span> 
     </span>
     <span class='ocr_line' id='line_1_60' title="bbox 240 4571 1880 4648; baseline -0.002 -16"><span class='ocrx_word' id='word_1_878' title='bbox 240 4577 385 4648; x_wconf 90' lang='lat' dir='ltr'>iniquitatis</span> <span class='ocrx_word' id='word_1_879' title='bbox 399 4577 489 4632; x_wconf 79' lang='lat' dir='ltr'>servite</span> <span class='ocrx_word' id='word_1_880' title='bbox 507 4583 648 4632; x_wconf 89' lang='lat' dir='ltr'>testantur.</span> <span class='ocrx_word' id='word_1_881' title='bbox 668 4592 678 4627; x_wconf 91' lang='grc' dir='ltr'>ι</span> <span class='ocrx_word' id='word_1_882' title='bbox 697 4572 767 4628; x_wconf 86' lang='lat' dir='ltr'>llere</span> <span class='ocrx_word' id='word_1_883' title='bbox 785 4573 856 4628; x_wconf 91' lang='lat' dir='ltr'>enim</span> <span class='ocrx_word' id='word_1_884' title='bbox 877 4573 1033 4642; x_wconf 88' lang='lat' dir='ltr'>prolitcmnr</span> <span class='ocrx_word' id='word_1_885' title='bbox 1084 4572 1205 4630; x_wconf 88' lang='lat' dir='ltr'>diabolus</span> <span class='ocrx_word' id='word_1_886' title='bbox 1217 4575 1415 4644; x_wconf 88' lang='lat' dir='ltr'>etsipeocutum</span> <span class='ocrx_word' id='word_1_887' title='bbox 1427 4572 1596 4643; x_wconf 88' lang='lat' dir='ltr'>protoplastis</span> <span class='ocrx_word' id='word_1_888' title='bbox 1609 4571 1706 4632; x_wconf 88' lang='lat' dir='ltr'>intulit,</span> <span class='ocrx_word' id='word_1_889' title='bbox 1722 4585 1773 4626; x_wconf 92' lang='lat' dir='ltr'>nec</span> <span class='ocrx_word' id='word_1_890' title='bbox 1786 4581 1880 4628; x_wconf 85' lang='lat' dir='ltr'>tauron</span> 
     </span>
     <span class='ocr_line' id='line_1_61' title="bbox 239 4641 1880 4714; baseline -0.002 -15"><span class='ocrx_word' id='word_1_891' title='bbox 239 4664 334 4704; x_wconf 74' lang='lat' dir='ltr'>«tortores</span> <span class='ocrx_word' id='word_1_892' title='bbox 347 4647 468 4704; x_wconf 86' lang='lat' dir='ltr'>hornines</span> <span class='ocrx_word' id='word_1_893' title='bbox 481 4647 508 4702; x_wconf 91' lang='lat' dir='ltr'>iu</span> <span class='ocrx_word' id='word_1_894' title='bbox 525 4646 610 4702; x_wconf 91' lang='lat' dir='ltr'>lucem</span> <span class='ocrx_word' id='word_1_895' title='bbox 629 4644 707 4700; x_wconf 90' lang='lat' dir='ltr'>istam</span> <span class='ocrx_word' id='word_1_896' title='bbox 727 4643 820 4714; x_wconf 84' lang='lat' dir='ltr'>plenos</span> <span class='ocrx_word' id='word_1_897' title='bbox 839 4643 984 4713; x_wconf 77' lang='lat' dir='ltr'>iniqnitatis</span> <span class='ocrx_word' id='word_1_898' title='bbox 998 4658 1033 4697; x_wconf 86' lang='lat' dir='ltr'>ex</span> <span class='ocrx_word' id='word_1_899' title='bbox 1084 4645 1123 4700; x_wconf 92' lang='lat' dir='ltr'>eis</span> <span class='ocrx_word' id='word_1_900' title='bbox 1145 4645 1273 4700; x_wconf 87' lang='lat' dir='ltr'>naturalis</span> <span class='ocrx_word' id='word_1_901' title='bbox 1293 4657 1449 4714; x_wconf 88' lang='lat' dir='ltr'>procursum</span> <span class='ocrx_word' id='word_1_902' title='bbox 1472 4642 1665 4699; x_wconf 83' lang='lat' dir='ltr'>benedictionis</span> <span class='ocrx_word' id='word_1_903' title='bbox 1680 4641 1798 4707; x_wconf 84' lang='lat' dir='ltr'>abstulit,</span> <span class='ocrx_word' id='word_1_904' title='bbox 1823 4659 1880 4712; x_wconf 79' lang='lat' dir='ltr'>qum</span> 
     </span>
     <span class='ocr_line' id='line_1_62' title="bbox 240 4713 1874 4788; baseline -0.006 -13"><span class='ocrx_word' id='word_1_905' title='bbox 240 4727 315 4775; x_wconf 86' lang='lat' dir='ltr'>reatu</span> <span class='ocrx_word' id='word_1_906' title='bbox 329 4719 422 4788; x_wconf 75' lang='lat' dir='ltr'>primae</span> <span class='ocrx_word' id='word_1_907' title='bbox 434 4715 659 4787; x_wconf 72' lang='lat' dir='ltr'>prevaricationis</span> <span class='ocrx_word' id='word_1_908' title='bbox 669 4715 761 4771; x_wconf 89' lang='lat' dir='ltr'>venire</span> <span class='ocrx_word' id='word_1_909' title='bbox 773 4732 780 4769; x_wconf 78' lang='grc' dir='ltr'>ι</span> <span class='ocrx_word' id='word_1_910' title='bbox 792 4715 932 4784; x_wconf 89' lang='lat' dir='ltr'>incapaces</span> <span class='ocrx_word' id='word_1_911' title='bbox 940 4725 1032 4768; x_wconf 85' lang='lat' dir='ltr'>autern</span> <span class='ocrx_word' id='word_1_912' title='bbox 1084 4714 1233 4777; x_wconf 87' lang='lat' dir='ltr'>audierant,</span> <span class='ocrx_word' id='word_1_913' title='bbox 1249 4713 1358 4771; x_wconf 83' lang='lat' dir='ltr'>Crescite</span> <span class='ocrx_word' id='word_1_914' title='bbox 1369 4723 1391 4768; x_wconf 93' lang='lat' dir='ltr'>el</span> <span class='ocrx_word' id='word_1_915' title='bbox 1406 4713 1619 4784; x_wconf 83' lang='lat' dir='ltr'>nrnllipliccmini,</span> <span class='ocrx_word' id='word_1_916' title='bbox 1635 4723 1659 4767; x_wconf 88' lang='lat' dir='ltr'>et</span> <span class='ocrx_word' id='word_1_917' title='bbox 1673 4713 1767 4783; x_wconf 87' lang='lat' dir='ltr'>replete</span> <span class='ocrx_word' id='word_1_918' title='bbox 1781 4723 1874 4767; x_wconf 85' lang='lat' dir='ltr'>serron</span> 
     </span>
     <span class='ocr_line' id='line_1_63' title="bbox 239 4782 1880 4858; baseline -0.004 -13"><span class='ocrx_word' id='word_1_919' title='bbox 239 4787 563 4854; x_wconf 61' lang='lat' dir='ltr'>lunilacunensium</span> <span class='ocrx_word' id='word_1_920' title='bbox 579 4785 652 4841; x_wconf 84' lang='lat' dir='ltr'>nasci</span> <span class='ocrx_word' id='word_1_921' title='bbox 664 4785 794 4854; x_wconf 84' lang='lat' dir='ltr'>juremus.</span> <span class='ocrx_word' id='word_1_922' title='bbox 810 4783 864 4838; x_wconf 89' lang='lat' dir='ltr'>Sed</span> <span class='ocrx_word' id='word_1_923' title='bbox 879 4782 1029 4848; x_wconf 86' lang='lat' dir='ltr'>luereticus,</span> <span class='ocrx_word' id='word_1_924' title='bbox 1084 4783 1141 4854; x_wconf 81' lang='lat' dir='ltr'>(lc.</span> <span class='ocrx_word' id='word_1_925' title='bbox 1156 4785 1315 4858; x_wconf 77' lang='lat' dir='ltr'>1,ss).uon</span> <span class='ocrx_word' id='word_1_926' title='bbox 1330 4799 1394 4855; x_wconf 88' lang='lat' dir='ltr'>ergo</span> <span class='ocrx_word' id='word_1_927' title='bbox 1407 4784 1451 4840; x_wconf 87' lang='lat' dir='ltr'>illa</span> <span class='ocrx_word' id='word_1_928' title='bbox 1464 4783 1600 4854; x_wconf 86' lang='lat' dir='ltr'>impietate</span> <span class='ocrx_word' id='word_1_929' title='bbox 1620 4783 1778 4852; x_wconf 90' lang='lat' dir='ltr'>decipimur,</span> <span class='ocrx_word' id='word_1_930' title='bbox 1795 4799 1880 4853; x_wconf 87' lang='lat' dir='ltr'>quant</span> 
     </span>
     <span class='ocr_line' id='line_1_64' title="bbox 237 4853 1879 4928; baseline -0.003 -16"><span class='ocrx_word' id='word_1_931' title='bbox 237 4869 268 4915; x_wconf 93' lang='lat' dir='ltr'>ut</span> <span class='ocrx_word' id='word_1_932' title='bbox 286 4859 456 4914; x_wconf 88' lang='lat' dir='ltr'>artiliciosins</span> <span class='ocrx_word' id='word_1_933' title='bbox 473 4857 608 4928; x_wconf 87' lang='lat' dir='ltr'>deciperet</span> <span class='ocrx_word' id='word_1_934' title='bbox 626 4855 766 4917; x_wconf 86' lang='lat' dir='ltr'>inllrnros,</span> <span class='ocrx_word' id='word_1_935' title='bbox 786 4854 874 4925; x_wconf 84' lang='lat' dir='ltr'>junxit</span> <span class='ocrx_word' id='word_1_936' title='bbox 892 4855 1032 4909; x_wconf 79' lang='lat' dir='ltr'>mendacio</span> <span class='ocrx_word' id='word_1_937' title='bbox 1084 4855 1161 4911; x_wconf 89' lang='lat' dir='ltr'>uobis</span> <span class='ocrx_word' id='word_1_938' title='bbox 1171 4856 1334 4927; x_wconf 86' lang='lat' dir='ltr'>improperat</span> <span class='ocrx_word' id='word_1_939' title='bbox 1347 4855 1478 4922; x_wconf 87' lang='lat' dir='ltr'>lulianus,</span> <span class='ocrx_word' id='word_1_940' title='bbox 1498 4862 1529 4910; x_wconf 92' lang='lat' dir='ltr'>ut</span> <span class='ocrx_word' id='word_1_941' title='bbox 1542 4853 1670 4924; x_wconf 72' lang='lat' dir='ltr'>originem</span> <span class='ocrx_word' id='word_1_942' title='bbox 1684 4863 1802 4910; x_wconf 78' lang='lat' dir='ltr'>suestram</span> <span class='ocrx_word' id='word_1_943' title='bbox 1816 4853 1879 4908; x_wconf 85' lang='lat' dir='ltr'>din-</span> 
     </span>
     <span class='ocr_line' id='line_1_65' title="bbox 273 4923 1882 4998; baseline -0.003 -14"><span class='ocrx_word' id='word_1_944' title='bbox 273 4928 358 4986; x_wconf 80' lang='lat' dir='ltr'>rhdiae</span> <span class='ocrx_word' id='word_1_945' title='bbox 377 4930 517 4985; x_wconf 83' lang='lat' dir='ltr'>veritatem</span> <span class='ocrx_word' id='word_1_946' title='bbox 537 4927 676 4984; x_wconf 76' lang='lat' dir='ltr'>catltolicae</span> <span class='ocrx_word' id='word_1_947' title='bbox 696 4923 879 4998; x_wconf 77' lang='lat' dir='ltr'>professionis.</span> <span class='ocrx_word' id='word_1_948' title='bbox 902 4923 1033 4979; x_wconf 82' lang='lat' dir='ltr'>Probatur</span> <span class='ocrx_word' id='word_1_949' title='bbox 1084 4924 1138 4980; x_wconf 89' lang='lat' dir='ltr'>boli</span> <span class='ocrx_word' id='word_1_950' title='bbox 1161 4927 1287 4997; x_wconf 89' lang='lat' dir='ltr'>operibus</span> <span class='ocrx_word' id='word_1_951' title='bbox 1298 4925 1492 4992; x_wconf 86' lang='lat' dir='ltr'>adscribamus,</span> <span class='ocrx_word' id='word_1_952' title='bbox 1509 4939 1588 4995; x_wconf 75' lang='lat' dir='ltr'>(luam</span> <span class='ocrx_word' id='word_1_953' title='bbox 1605 4923 1783 4994; x_wconf 83' lang='lat' dir='ltr'>primordialis</span> <span class='ocrx_word' id='word_1_954' title='bbox 1795 4938 1882 4993; x_wconf 80' lang='lat' dir='ltr'>opere</span> 
     </span>
     <span class='ocr_line' id='line_1_66' title="bbox 249 4993 1881 5070; baseline -0.003 -17"><span class='ocrx_word' id='word_1_955' title='bbox 249 5001 304 5066; x_wconf 84' lang='lat' dir='ltr'>ulli,</span> <span class='ocrx_word' id='word_1_956' title='bbox 319 5015 379 5056; x_wconf 85' lang='lat' dir='ltr'>cum</span> <span class='ocrx_word' id='word_1_957' title='bbox 396 5017 406 5052; x_wconf 89' lang='grc' dir='ltr'>ι</span> <span class='ocrx_word' id='word_1_958' title='bbox 422 4999 513 5070; x_wconf 84' lang='lat' dir='ltr'>jurare</span> <span class='ocrx_word' id='word_1_959' title='bbox 523 5013 574 5053; x_wconf 91' lang='lat' dir='ltr'>nos</span> <span class='ocrx_word' id='word_1_960' title='bbox 587 5016 597 5050; x_wconf 90' lang='grc' dir='ltr'>ι</span> <span class='ocrx_word' id='word_1_961' title='bbox 612 4997 685 5065; x_wconf 91' lang='lat' dir='ltr'>dicit,</span> <span class='ocrx_word' id='word_1_962' title='bbox 703 5015 713 5049; x_wconf 93' lang='grc' dir='ltr'>ι</span> <span class='ocrx_word' id='word_1_963' title='bbox 731 4995 833 5051; x_wconf 92' lang='lat' dir='ltr'>nullum</span> <span class='ocrx_word' id='word_1_964' title='bbox 845 4994 879 5050; x_wconf 88' lang='lat' dir='ltr'>ad</span> <span class='ocrx_word' id='word_1_965' title='bbox 889 4994 1030 5065; x_wconf 87' lang='lat' dir='ltr'>justitiam,</span> <span class='ocrx_word' id='word_1_966' title='bbox 1084 4995 1301 5053; x_wconf 86' lang='lat' dir='ltr'>benedictionisa</span> <span class='ocrx_word' id='word_1_967' title='bbox 1319 4997 1376 5052; x_wconf 84' lang='lat' dir='ltr'>beo</span> <span class='ocrx_word' id='word_1_968' title='bbox 1387 4996 1519 5051; x_wconf 91' lang='lat' dir='ltr'>conditam</span> <span class='ocrx_word' id='word_1_969' title='bbox 1534 4995 1642 5050; x_wconf 89' lang='lat' dir='ltr'>seimus.</span> <span class='ocrx_word' id='word_1_970' title='bbox 1655 4993 1733 5050; x_wconf 79' lang='lat' dir='ltr'>Absit</span> <span class='ocrx_word' id='word_1_971' title='bbox 1744 5000 1833 5048; x_wconf 87' lang='lat' dir='ltr'>autem</span> <span class='ocrx_word' id='word_1_972' title='bbox 1848 5004 1881 5048; x_wconf 92' lang='lat' dir='ltr'>nt</span> 
     </span>
     <span class='ocr_line' id='line_1_67' title="bbox 240 5064 1882 5137; baseline -0.005 -11"><span class='ocrx_word' id='word_1_973' title='bbox 240 5088 292 5126; x_wconf 92' lang='lat' dir='ltr'>non</span> <span class='ocrx_word' id='word_1_974' title='bbox 306 5071 393 5128; x_wconf 92' lang='lat' dir='ltr'>solum</span> <span class='ocrx_word' id='word_1_975' title='bbox 412 5071 531 5132; x_wconf 89' lang='lat' dir='ltr'>ratione,</span> <span class='ocrx_word' id='word_1_976' title='bbox 546 5069 594 5124; x_wconf 89' lang='lat' dir='ltr'>sed</span> <span class='ocrx_word' id='word_1_977' title='bbox 609 5083 643 5123; x_wconf 91' lang='lat' dir='ltr'>ne</span> <span class='ocrx_word' id='word_1_978' title='bbox 658 5083 742 5123; x_wconf 73' lang='lat' dir='ltr'>sacrae</span> <span class='ocrx_word' id='word_1_979' title='bbox 756 5066 863 5136; x_wconf 89' lang='lat' dir='ltr'>quidem</span> <span class='ocrx_word' id='word_1_980' title='bbox 877 5066 942 5136; x_wconf 87' lang='lat' dir='ltr'>legis</span> <span class='ocrx_word' id='word_1_981' title='bbox 957 5065 1033 5119; x_wconf 87' lang='lat' dir='ltr'>iusti-</span> <span class='ocrx_word' id='word_1_982' title='bbox 1084 5068 1213 5136; x_wconf 86' lang='lat' dir='ltr'>originem</span> <span class='ocrx_word' id='word_1_983' title='bbox 1229 5077 1346 5124; x_wconf 86' lang='lat' dir='ltr'>nostram</span> <span class='ocrx_word' id='word_1_984' title='bbox 1361 5077 1419 5137; x_wconf 90' lang='lat' dir='ltr'>post</span> <span class='ocrx_word' id='word_1_985' title='bbox 1439 5065 1665 5137; x_wconf 79' lang='lat' dir='ltr'>prevaricationis</span> <span class='ocrx_word' id='word_1_986' title='bbox 1688 5064 1806 5129; x_wconf 86' lang='lat' dir='ltr'>malunt,</span> <span class='ocrx_word' id='word_1_987' title='bbox 1822 5069 1882 5118; x_wconf 79' lang='lat' dir='ltr'>ileo</span> 
     </span>
     <span class='ocr_line' id='line_1_68' title="bbox 239 5133 1884 5212; baseline -0.004 -16"><span class='ocrx_word' id='word_1_988' title='bbox 239 5143 342 5198; x_wconf 92' lang='lat' dir='ltr'>tutione</span> <span class='ocrx_word' id='word_1_989' title='bbox 361 5139 480 5212; x_wconf 76' lang='lat' dir='ltr'>perdisci.</span> <span class='ocrx_word' id='word_1_990' title='bbox 498 5139 594 5209; x_wconf 81' lang='lat' dir='ltr'>»Quin</span> <span class='ocrx_word' id='word_1_991' title='bbox 613 5140 667 5194; x_wconf 91' lang='lat' dir='ltr'>imo</span> <span class='ocrx_word' id='word_1_992' title='bbox 684 5137 812 5204; x_wconf 87' lang='lat' dir='ltr'>latemur,</span> <span class='ocrx_word' id='word_1_993' title='bbox 828 5145 856 5192; x_wconf 91' lang='lat' dir='ltr'>ct</span> <span class='ocrx_word' id='word_1_994' title='bbox 869 5137 988 5199; x_wconf 90' lang='lat' dir='ltr'>ratione,</span> <span class='ocrx_word' id='word_1_995' title='bbox 1004 5144 1032 5190; x_wconf 88' lang='lat' dir='ltr'>ct</span> <span class='ocrx_word' id='word_1_996' title='bbox 1084 5136 1204 5193; x_wconf 89' lang='lat' dir='ltr'>dicamus</span> <span class='ocrx_word' id='word_1_997' title='bbox 1223 5153 1283 5194; x_wconf 90' lang='lat' dir='ltr'>esse</span> <span class='ocrx_word' id='word_1_998' title='bbox 1297 5137 1429 5208; x_wconf 80' lang='lat' dir='ltr'>gavisam,</span> <span class='ocrx_word' id='word_1_999' title='bbox 1443 5144 1505 5192; x_wconf 86' lang='lat' dir='ltr'>aute</span> <span class='ocrx_word' id='word_1_1000' title='bbox 1525 5135 1670 5191; x_wconf 87' lang='lat' dir='ltr'>remedium</span> <span class='ocrx_word' id='word_1_1001' title='bbox 1689 5133 1813 5190; x_wconf 87' lang='lat' dir='ltr'>secundae</span> <span class='ocrx_word' id='word_1_1002' title='bbox 1836 5151 1884 5190; x_wconf 90' lang='lat' dir='ltr'>re-</span> 
     </span>
     <span class='ocr_line' id='line_1_69' title="bbox 239 5204 1885 5280; baseline -0.004 -15"><span class='ocrx_word' id='word_1_1003' title='bbox 239 5213 471 5268; x_wconf 76' lang='lat' dir='ltr'>tloctriuasauclue</span> <span class='ocrx_word' id='word_1_1004' title='bbox 485 5210 560 5280; x_wconf 89' lang='lat' dir='ltr'>legis,</span> <span class='ocrx_word' id='word_1_1005' title='bbox 575 5209 747 5279; x_wconf 83' lang='lat' dir='ltr'>adjustitiam</span> <span class='ocrx_word' id='word_1_1006' title='bbox 761 5206 967 5262; x_wconf 88' lang='lat' dir='ltr'>nosausiliantc</span> <span class='ocrx_word' id='word_1_1007' title='bbox 980 5207 1032 5261; x_wconf 88' lang='lat' dir='ltr'>llo·</span> <span class='ocrx_word' id='word_1_1008' title='bbox 1083 5209 1261 5278; x_wconf 80' lang='lat' dir='ltr'>generationis</span> <span class='ocrx_word' id='word_1_1009' title='bbox 1293 5223 1333 5262; x_wconf 83' lang='lat' dir='ltr'>um</span> <span class='ocrx_word' id='word_1_1010' title='bbox 1347 5208 1419 5263; x_wconf 90' lang='lat' dir='ltr'>lites</span> <span class='ocrx_word' id='word_1_1011' title='bbox 1441 5223 1508 5277; x_wconf 75' lang='lat' dir='ltr'>atqua</span> <span class='ocrx_word' id='word_1_1012' title='bbox 1529 5217 1556 5260; x_wconf 89' lang='lat' dir='ltr'>et</span> <span class='ocrx_word' id='word_1_1013' title='bbox 1575 5205 1673 5274; x_wconf 86' lang='lat' dir='ltr'>Spiritu</span> <span class='ocrx_word' id='word_1_1014' title='bbox 1694 5215 1808 5272; x_wconf 75' lang='lat' dir='ltr'>salicto,</span> <span class='ocrx_word' id='word_1_1015' title='bbox 1830 5204 1885 5259; x_wconf 74' lang='lat' dir='ltr'>dtr·</span> 
     </span>
     <span class='ocr_line' id='line_1_70' title="bbox 239 5225 1884 5364; baseline -0.003 -28"><span class='ocrx_word' id='word_1_1016' title='bbox 239 5285 312 5339; x_wconf 77' lang='lat' dir='ltr'>ritino</span> <span class='ocrx_word' id='word_1_1017' title='bbox 328 5281 438 5355; x_wconf 87' lang='lat' dir='ltr'>perduci</span> <span class='ocrx_word' id='word_1_1018' title='bbox 454 5281 576 5364; x_wconf 87' lang='lat' dir='ltr'>:absque</span> <span class='ocrx_word' id='word_1_1019' title='bbox 594 5281 678 5350; x_wconf 88' lang='lat' dir='ltr'>gratia</span> <span class='ocrx_word' id='word_1_1020' title='bbox 691 5295 756 5335; x_wconf 88' lang='lat' dir='ltr'>vcro</span> <span class='ocrx_word' id='word_1_1021' title='bbox 770 5279 840 5334; x_wconf 85' lang='lat' dir='ltr'>illius</span> <span class='ocrx_word' id='word_1_1022' title='bbox 854 5291 967 5358; x_wconf 79' lang='lat' dir='ltr'>neeper</span> <span class='ocrx_word' id='word_1_1023' title='bbox 980 5293 1030 5332; x_wconf 93' lang='lat' dir='ltr'>oa·</span> <span class='ocrx_word' id='word_1_1024' title='bbox 1084 5287 1165 5335; x_wconf 89' lang='lat' dir='ltr'>naute</span> <span class='ocrx_word' id='word_1_1025' title='bbox 1183 5225 1332 5350; x_wconf 39' lang='lat' dir='ltr'>gariofiles</span> <span class='ocrx_word' id='word_1_1026' title='bbox 1351 5293 1398 5350; x_wconf 92' lang='lat' dir='ltr'>per</span> <span class='ocrx_word' id='word_1_1027' title='bbox 1415 5276 1505 5334; x_wconf 81' lang='lat' dir='ltr'>iesum</span> <span class='ocrx_word' id='word_1_1028' title='bbox 1518 5277 1653 5332; x_wconf 82' lang='lat' dir='ltr'>Christum</span> <span class='ocrx_word' id='word_1_1029' title='bbox 1668 5276 1809 5332; x_wconf 79' lang='grc' dir='ltr'>ὓιιιιιὶιιιιιιι</span> <span class='ocrx_word' id='word_1_1030' title='bbox 1830 5292 1884 5331; x_wconf 93' lang='lat' dir='ltr'>no-</span> 
     </span>
     <span class='ocr_line' id='line_1_71' title="bbox 237 5349 1178 5419; baseline -0.002 -11"><span class='ocrx_word' id='word_1_1031' title='bbox 237 5353 332 5410; x_wconf 84' lang='lat' dir='ltr'>uuulis</span> <span class='ocrx_word' id='word_1_1032' title='bbox 352 5353 467 5408; x_wconf 90' lang='lat' dir='ltr'>subsidia</span> <span class='ocrx_word' id='word_1_1033' title='bbox 487 5349 612 5416; x_wconf 76' lang='lat' dir='ltr'>latomis,</span> <span class='ocrx_word' id='word_1_1034' title='bbox 629 5364 678 5406; x_wconf 88' lang='lat' dir='ltr'>nec</span> <span class='ocrx_word' id='word_1_1035' title='bbox 692 5366 739 5419; x_wconf 91' lang='lat' dir='ltr'>per</span> <span class='ocrx_word' id='word_1_1036' title='bbox 752 5351 851 5404; x_wconf 76' lang='lat' dir='ltr'>divinae</span> <span class='ocrx_word' id='word_1_1037' title='bbox 866 5349 933 5418; x_wconf 86' lang='lat' dir='ltr'>legts</span> <span class='ocrx_word' id='word_1_1038' title='bbox 947 5349 1030 5414; x_wconf 81' lang='lat' dir='ltr'>seim,</span> <span class='ocrx_word' id='word_1_1039' title='bbox 1083 5357 1178 5406; x_wconf 90' lang='lat' dir='ltr'>strum.</span> 
     </span>
     <span class='ocr_line' id='line_1_72' title="bbox 239 5415 1883 5493; baseline -0.004 -17"><span class='ocrx_word' id='word_1_1040' title='bbox 239 5439 288 5480; x_wconf 86' lang='lat' dir='ltr'>nou</span> <span class='ocrx_word' id='word_1_1041' title='bbox 302 5439 380 5491; x_wconf 86' lang='lat' dir='ltr'>posse</span> <span class='ocrx_word' id='word_1_1042' title='bbox 391 5421 544 5493; x_wconf 79' lang='lat' dir='ltr'>justlllesvi3</span> <span class='ocrx_word' id='word_1_1043' title='bbox 559 5421 579 5476; x_wconf 83' lang='lat' dir='ltr'>h</span> <span class='ocrx_word' id='word_1_1044' title='bbox 601 5421 685 5476; x_wconf 89' lang='lat' dir='ltr'>ostolo</span> <span class='ocrx_word' id='word_1_1045' title='bbox 699 5431 775 5488; x_wconf 87' lang='lat' dir='ltr'>teste,</span> <span class='ocrx_word' id='word_1_1046' title='bbox 789 5420 855 5489; x_wconf 82' lang='lat' dir='ltr'>Quia</span> <span class='ocrx_word' id='word_1_1047' title='bbox 870 5419 953 5473; x_wconf 85' lang='lat' dir='ltr'>littero</span> <span class='ocrx_word' id='word_1_1048' title='bbox 965 5421 1031 5473; x_wconf 85' lang='lat' dir='ltr'>ecci·</span> <span class='ocrx_word' id='word_1_1049' title='bbox 1118 5417 1232 5476; x_wconf 73' lang='lat' dir='ltr'>CAPUT</span> <span class='ocrx_word' id='word_1_1050' title='bbox 1252 5419 1283 5476; x_wconf 78' lang='lat' dir='ltr'>i.</span> <span class='ocrx_word' id='word_1_1051' title='bbox 1305 5419 1377 5477; x_wconf 81' lang='grc'>-9,</span> <span class='ocrx_word' id='word_1_1052' title='bbox 1393 5419 1478 5476; x_wconf 83' lang='lat' dir='ltr'>Pauca</span> <span class='ocrx_word' id='word_1_1053' title='bbox 1494 5417 1553 5474; x_wconf 87' lang='lat' dir='ltr'>hace</span> <span class='ocrx_word' id='word_1_1054' title='bbox 1565 5417 1600 5473; x_wconf 92' lang='lat' dir='ltr'>de</span> <span class='ocrx_word' id='word_1_1055' title='bbox 1611 5415 1746 5488; x_wconf 87' lang='lat' dir='ltr'>pluribus,</span> <span class='ocrx_word' id='word_1_1056' title='bbox 1760 5432 1792 5473; x_wconf 84' lang='lat' dir='ltr'>ex</span> <span class='ocrx_word' id='word_1_1057' title='bbox 1807 5432 1883 5485; x_wconf 80' lang='lat' dir='ltr'>prm-</span> 
     </span>
     <span class='ocr_line' id='line_1_73' title="bbox 240 5435 1885 5615; baseline -0.004 -67"><span class='ocrx_word' id='word_1_1058' title='bbox 240 5496 287 5562; x_wconf 78' lang='lat' dir='ltr'>clit,</span> <span class='ocrx_word' id='word_1_1059' title='bbox 302 5495 414 5565; x_wconf 82' lang='lat' dir='ltr'>Spiritus</span> <span class='ocrx_word' id='word_1_1060' title='bbox 428 5502 511 5547; x_wconf 86' lang='lat' dir='ltr'>entem</span> <span class='ocrx_word' id='word_1_1061' title='bbox 522 5435 630 5560; x_wconf 41' lang='lat' dir='ltr'>sicilicos</span> <span class='ocrx_word' id='word_1_1062' title='bbox 644 5489 677 5576; x_wconf 67' lang='lat' dir='ltr'>(ll</span> <span class='ocrx_word' id='word_1_1063' title='bbox 693 5492 752 5545; x_wconf 78' lang='lat' dir='ltr'>Gor.</span> <span class='ocrx_word' id='word_1_1064' title='bbox 770 5506 808 5554; x_wconf 90' lang='grc' dir='ltr'>ιιι,</span> <span class='ocrx_word' id='word_1_1065' title='bbox 823 5488 862 5615; x_wconf 52' lang='lat' dir='ltr'>lig.</span> <span class='ocrx_word' id='word_1_1066' title='bbox 878 5489 904 5544; x_wconf 90' lang='lat' dir='ltr'>ld</span> <span class='ocrx_word' id='word_1_1067' title='bbox 919 5499 961 5545; x_wconf 91' lang='lat' dir='ltr'>est</span> <span class='ocrx_word' id='word_1_1068' title='bbox 972 5488 1030 5544; x_wconf 85' lang='lat' dir='ltr'>Lit·</span> <span class='ocrx_word' id='word_1_1069' title='bbox 1084 5489 1138 5546; x_wconf 89' lang='lat' dir='ltr'>lato</span> <span class='ocrx_word' id='word_1_1070' title='bbox 1158 5505 1240 5563; x_wconf 90' lang='lat' dir='ltr'>opero</span> <span class='ocrx_word' id='word_1_1071' title='bbox 1256 5490 1354 5548; x_wconf 74' lang='lat' dir='ltr'>iuliani</span> <span class='ocrx_word' id='word_1_1072' title='bbox 1373 5490 1406 5546; x_wconf 90' lang='lat' dir='ltr'>ad</span> <span class='ocrx_word' id='word_1_1073' title='bbox 1426 5489 1555 5546; x_wconf 89' lang='lat' dir='ltr'>cautelam</span> <span class='ocrx_word' id='word_1_1074' title='bbox 1576 5489 1719 5558; x_wconf 85' lang='lat' dir='ltr'>legentium</span> <span class='ocrx_word' id='word_1_1075' title='bbox 1734 5499 1885 5542; x_wconf 86' lang='lat' dir='ltr'>annotasse</span> 
     </span>
     <span class='ocr_line' id='line_1_74' title="bbox 240 5556 1882 5636; baseline -0.006 -16"><span class='ocrx_word' id='word_1_1076' title='bbox 240 5573 295 5621; x_wconf 86' lang='lat' dir='ltr'>tera</span> <span class='ocrx_word' id='word_1_1077' title='bbox 318 5564 477 5636; x_wconf 80' lang='lat' dir='ltr'>precipiens</span> <span class='ocrx_word' id='word_1_1078' title='bbox 497 5562 611 5628; x_wconf 91' lang='lat' dir='ltr'>occidit,</span> <span class='ocrx_word' id='word_1_1079' title='bbox 631 5577 653 5616; x_wconf 87' lang='lat' dir='ltr'>st</span> <span class='ocrx_word' id='word_1_1080' title='bbox 676 5576 730 5618; x_wconf 92' lang='lat' dir='ltr'>nou</span> <span class='ocrx_word' id='word_1_1081' title='bbox 749 5560 818 5616; x_wconf 90' lang='lat' dir='ltr'>adsit</span> <span class='ocrx_word' id='word_1_1082' title='bbox 856 5560 964 5630; x_wconf 89' lang='lat' dir='ltr'>piritns,</span> <span class='ocrx_word' id='word_1_1083' title='bbox 983 5561 1030 5630; x_wconf 94' lang='lat' dir='ltr'>qui</span> <span class='ocrx_word' id='word_1_1084' title='bbox 1084 5562 1264 5618; x_wconf 88' lang='lat' dir='ltr'>necessarium</span> <span class='ocrx_word' id='word_1_1085' title='bbox 1283 5561 1431 5618; x_wconf 82' lang='lat' dir='ltr'>duximus:</span> <span class='ocrx_word' id='word_1_1086' title='bbox 1448 5575 1561 5632; x_wconf 90' lang='lat' dir='ltr'>quorum</span> <span class='ocrx_word' id='word_1_1087' title='bbox 1581 5559 1709 5614; x_wconf 87' lang='lat' dir='ltr'>admoniti</span> <span class='ocrx_word' id='word_1_1088' title='bbox 1728 5556 1882 5624; x_wconf 89' lang='lat' dir='ltr'>exemplis,</span> 
     </span>
     <span class='ocr_line' id='line_1_75' title="bbox 240 5628 1884 5758; baseline -0.004 -69"><span class='ocrx_word' id='word_1_1089' title='bbox 240 5644 372 5706; x_wconf 74' lang='lat' dir='ltr'>praccepta</span> <span class='ocrx_word' id='word_1_1090' title='bbox 386 5634 482 5690; x_wconf 73' lang='lat' dir='ltr'>litterae</span> <span class='ocrx_word' id='word_1_1091' title='bbox 495 5632 578 5689; x_wconf 92' lang='lat' dir='ltr'>donet</span> <span class='ocrx_word' id='word_1_1092' title='bbox 590 5633 695 5704; x_wconf 91' lang='lat' dir='ltr'>impleri</span> <span class='ocrx_word' id='word_1_1093' title='bbox 709 5651 716 5687; x_wconf 91' lang='lat'>:</span> <span class='ocrx_word' id='word_1_1094' title='bbox 732 5640 760 5688; x_wconf 91' lang='lat' dir='ltr'>et</span> <span class='ocrx_word' id='word_1_1095' title='bbox 770 5631 884 5702; x_wconf 89' lang='lat' dir='ltr'>Spiritus</span> <span class='ocrx_word' id='word_1_1096' title='bbox 897 5629 1029 5695; x_wconf 82' lang='lat' dir='ltr'>viviticat,</span> <span class='ocrx_word' id='word_1_1097' title='bbox 1083 5631 1233 5704; x_wconf 85' lang='lat' dir='ltr'>vigilantius</span> <span class='ocrx_word' id='word_1_1098' title='bbox 1256 5633 1283 5688; x_wconf 90' lang='lat' dir='ltr'>iu</span> <span class='ocrx_word' id='word_1_1099' title='bbox 1300 5633 1401 5758; x_wconf 43' lang='lat' dir='ltr'>relicum</span> <span class='ocrx_word' id='word_1_1100' title='bbox 1415 5631 1474 5702; x_wconf 80' lang='lat' dir='ltr'>ejus</span> <span class='ocrx_word' id='word_1_1101' title='bbox 1493 5629 1624 5692; x_wconf 79' lang='lat' dir='ltr'>lectione.</span> <span class='ocrx_word' id='word_1_1102' title='bbox 1645 5644 1705 5700; x_wconf 81' lang='lat' dir='ltr'>qum</span> <span class='ocrx_word' id='word_1_1103' title='bbox 1722 5644 1774 5683; x_wconf 92' lang='lat' dir='ltr'>uon</span> <span class='ocrx_word' id='word_1_1104' title='bbox 1789 5628 1884 5683; x_wconf 82' lang='lat' dir='ltr'>ovinus</span> 
     </span>
     <span class='ocr_line' id='line_1_76' title="bbox 240 5699 1884 5774; baseline -0.004 -15"><span class='ocrx_word' id='word_1_1105' title='bbox 240 5705 364 5760; x_wconf 90' lang='lat' dir='ltr'>donando</span> <span class='ocrx_word' id='word_1_1106' title='bbox 379 5714 408 5758; x_wconf 90' lang='lat' dir='ltr'>ut</span> <span class='ocrx_word' id='word_1_1107' title='bbox 423 5705 512 5772; x_wconf 88' lang='lat' dir='ltr'>perhci</span> <span class='ocrx_word' id='word_1_1108' title='bbox 532 5703 617 5760; x_wconf 85' lang='lat' dir='ltr'>littera</span> <span class='ocrx_word' id='word_1_1109' title='bbox 636 5703 728 5774; x_wconf 90' lang='lat' dir='ltr'>possit.</span> <span class='ocrx_word' id='word_1_1110' title='bbox 743 5701 821 5771; x_wconf 80' lang='lat' dir='ltr'>Quod</span> <span class='ocrx_word' id='word_1_1111' title='bbox 839 5709 928 5756; x_wconf 88' lang='lat' dir='ltr'>autem</span> <span class='ocrx_word' id='word_1_1112' title='bbox 946 5701 1031 5756; x_wconf 83' lang='lat' dir='ltr'>eilde</span> <span class='ocrx_word' id='word_1_1113' title='bbox 1083 5704 1162 5758; x_wconf 86' lang='lat' dir='ltr'>noxia</span> <span class='ocrx_word' id='word_1_1114' title='bbox 1171 5717 1243 5774; x_wconf 76' lang='lat' dir='ltr'>saepe</span> <span class='ocrx_word' id='word_1_1115' title='bbox 1251 5703 1360 5759; x_wconf 89' lang='lat' dir='ltr'>salutari</span> <span class='ocrx_word' id='word_1_1116' title='bbox 1380 5703 1487 5758; x_wconf 90' lang='lat' dir='ltr'>usdicta</span> <span class='ocrx_word' id='word_1_1117' title='bbox 1498 5699 1884 5769; x_wconf 77' lang='lat' dir='ltr'>interserit,circumspiciant.</span> 
     </span>
     <span class='ocr_line' id='line_1_77' title="bbox 242 5768 1883 5843; baseline -0.005 -15"><span class='ocrx_word' id='word_1_1118' title='bbox 242 5772 1031 5840; x_wconf 68' lang='lat' dir='ltr'>horninurutconsnuvmatissivnmvirtutisdalurusesem·</span> <span class='ocrx_word' id='word_1_1119' title='bbox 1083 5771 1149 5828; x_wconf 87' lang='lat' dir='ltr'>Num</span> <span class='ocrx_word' id='word_1_1120' title='bbox 1174 5783 1201 5828; x_wconf 93' lang='lat' dir='ltr'>et</span> <span class='ocrx_word' id='word_1_1121' title='bbox 1225 5775 1250 5828; x_wconf 89' lang='lat' dir='ltr'>lu</span> <span class='ocrx_word' id='word_1_1122' title='bbox 1266 5774 1324 5828; x_wconf 86' lang='lat' dir='ltr'>allis</span> <span class='ocrx_word' id='word_1_1123' title='bbox 1338 5773 1471 5843; x_wconf 76' lang='lat' dir='ltr'>opusculis</span> <span class='ocrx_word' id='word_1_1124' title='bbox 1490 5770 1610 5825; x_wconf 88' lang='lat' dir='ltr'>eamdem</span> <span class='ocrx_word' id='word_1_1125' title='bbox 1633 5785 1707 5825; x_wconf 88' lang='lat' dir='ltr'>suam</span> <span class='ocrx_word' id='word_1_1126' title='bbox 1731 5768 1883 5834; x_wconf 73' lang='lat' dir='ltr'>ltus-esim,</span> 
     </span>
     <span class='ocr_line' id='line_1_78' title="bbox 242 5839 1885 5916; baseline -0.002 -17"><span class='ocrx_word' id='word_1_1127' title='bbox 242 5844 314 5915; x_wconf 87' lang='lat' dir='ltr'>plum</span> <span class='ocrx_word' id='word_1_1128' title='bbox 327 5854 447 5901; x_wconf 82' lang='lat' dir='ltr'>statutam</span> <span class='ocrx_word' id='word_1_1129' title='bbox 466 5844 580 5900; x_wconf 84' lang='lat' dir='ltr'>botuiois</span> <span class='ocrx_word' id='word_1_1130' title='bbox 596 5845 717 5902; x_wconf 82' lang='lat' dir='ltr'>rtrurttlis</span> <span class='ocrx_word' id='word_1_1131' title='bbox 733 5851 894 5911; x_wconf 59' lang='lat' dir='ltr'>assumerem</span> <span class='ocrx_word' id='word_1_1132' title='bbox 913 5861 923 5894; x_wconf 85' lang='grc' dir='ltr'>ι</span> <span class='ocrx_word' id='word_1_1133' title='bbox 940 5857 1029 5898; x_wconf 89' lang='lat' dir='ltr'>secre-</span> <span class='ocrx_word' id='word_1_1134' title='bbox 1084 5846 1205 5916; x_wconf 87' lang='lat' dir='ltr'>quamvis</span> <span class='ocrx_word' id='word_1_1135' title='bbox 1227 5847 1338 5901; x_wconf 79' lang='lat' dir='ltr'>turritum</span> <span class='ocrx_word' id='word_1_1136' title='bbox 1361 5844 1522 5900; x_wconf 81' lang='lat' dir='ltr'>reclamante</span> <span class='ocrx_word' id='word_1_1137' title='bbox 1540 5841 1707 5900; x_wconf 85' lang='lat' dir='ltr'>sanctissimo</span> <span class='ocrx_word' id='word_1_1138' title='bbox 1728 5855 1759 5897; x_wconf 88' lang='lat' dir='ltr'>ac</span> <span class='ocrx_word' id='word_1_1139' title='bbox 1780 5839 1885 5896; x_wconf 82' lang='lat' dir='ltr'>doctis·</span> 
     </span>
    </p>
   </div>
   <div class='ocr_carea' id='block_1_4' title="bbox 0 0 2014 6372">
    <p class='ocr_par' dir='ltr' id='par_1_4' title="bbox 0 0 2014 6372">
     <span class='ocr_line' id='line_1_79' title="bbox 0 0 2014 6372; baseline 0 0"><span class='ocrx_word' id='word_1_1140' title='bbox 0 0 2014 6372; x_wconf 95' lang='lat' dir='ltr'> </span> 
     </span>
    </p>
   </div>
  </div>
 </body>
</html>
