4009 6375
677 549 1177 702 APPENDIX

733 786 880 867 nonii
915 792 1122 869 DECIMI

227 936 720 1105 OPERUM
800 946 892 1108 S.
963 943 1617 1118 AUGUSTINI

503 1260 508 1267 -
595 1206 974 1295 HIPPONENSIS
1000 1202 1265 1297 EPISCOPI

675 1368 717 1433 IN
738 1370 838 1433 TRES
852 1370 1006 1434 PARTES
1021 1371 1169 1435 hlvisn.

783 1494 1047 1551 seps&
1087 1509 1090 1516 ·

445 1611 551 1675 PrIme
565 1612 658 1691 peric
671 1609 880 1673 continentur
894 1608 1060 1672 subditilia
1072 1610 1243 1689 opuscula,
1256 1611 1397 1675 scillcet:
1484 1656 1491 1665 .

132 1744 265 1793 ΙΠΡΟΜΝ
271 1748 412 1807 BS'I'IGON,
428 1750 487 1795 SEU
502 1750 588 1795 hirsus
604 1748 709 1795 vomo
722 1748 1001 1805 mounosstcon;
1016 1750 1112 1793 mnis
1126 1752 1167 1795 pu
1181 1752 1487 1801 sumnus‘t'titmosit
1501 1758 1695 1822 issemus

615 1852 821 1898 psenthessus
843 1852 1148 1899 PRAEDES'I'IM'I'IOIIR
1169 1855 1235 1899 psi.

772 1958 919 2023 Secunda
946 1966 1050 2039 parte,

300 2098 393 2143 vinis
409 2098 538 2143 somnus
553 2098 594 2143 nr
606 2097 808 2144 iiououuuui
821 2096 864 2141 ao
881 2097 1086 2144 Phbhdlhtthtd
1096 2099 1271 2145 uisronisu
1287 2102 1513 2151 cassiniensis.

796 2203 905 2267 Tertia
918 2206 1024 2283 psile,

230 2344 381 2391 rnosetsnt
393 2348 545 2402 AQUI'I'AIII
560 2348 621 2395 rito
635 2346 814 2393 sushsuino
828 2346 952 2391 CONTRA
970 2345 1097 2400 intortos
1112 2346 1281 2393 DOCTRINAE
1296 2350 1395 2396 IPSIUS
1412 2354 1454 2396 nis
1475 2354 1593 2400 oneris
1706 2418 1709 2423 Ι

318 2449 358 2493 ist·
371 2448 671 2493 enmnussinssiotttt
686 2446 952 2493 shrnsnsttsotsss
972 2447 1189 2493 ssotoosrtcs
1211 2448 1388 2508 ΟΡῦθῦῦιΔ,
1402 2454 1527 2499 necnon

427 2552 569 2598 istusnsts
598 2552 749 2597 rnost’hni
773 2552 867 2597 bissis
895 2552 1142 2599 sensnmsttoit
1167 2554 1211 2599 ttx
1237 2554 1425 2601 suoosuiito.

87 2686 299 2710 *nu-

710 2766 1089 2951 appendicis

764 2988 865 3053 PARS
884 2988 1031 3065 PRIMA,

253 3130 571 3218 consilibus
600 3128 896 3208 OPUSOULA
934 3130 1180 3220 QUAEDAM
1211 3134 1547 3221 SUBDITITIA.

778 3261 1031 3346 amoos

573 3407 801 3500 unuonino
821 3407 863 3470 iu
883 3405 1234 3474 uimunssuicon.

114 3533 173 3590 lloc
193 3549 211 3589 o
230 3547 263 3589 us
283 3535 309 3588 ln
328 3532 524 3605 exemplaribus
545 3533 650 3588 erciisis
669 3530 836 3588 distribuitur
854 3529 881 3586 in
901 3544 948 3586 sex
968 3530 1404 3603 libros,qnimtgutnscribnnsnr
1422 3531 1614 3612 Immemor,
1631 3547 1725 3619 idest,

83 3603 306 3661 Suhnotationum
331 3606 391 3660 litiri
407 3621 414 3660 z
429 3617 541 3676 quorum
565 3604 690 3660 videlicet
711 3603 827 3673 quinque
852 3601 955 3686 priqros
978 3610 1072 3685 contra
1097 3603 1215 3674 quinque
1241 3604 1442 3676 Pelagianorum
1464 3611 1587 3683 dogmata
1607 3618 1727 3690 singulas

81 3677 273 3746 responsiones
293 3676 421 3732 exhibent
446 3675 610 3730 subnotatas.
638 3674 736 3730 Verum
761 3675 787 3728 in
811 3671 965 3754 prelatione
986 3673 1020 3728 ah
1040 3687 1100 3754 ipso
1112 3684 1238 3756 eructare,
1254 3685 1359 3747 atquea
1374 3681 1511 3738 veteribus
1525 3688 1606 3742 etiam
1629 3692 1675 3760 qui
1696 3692 1724 3747 ld

83 3747 174 3813 citant,
185 3758 297 3802 vocatur
308 3742 576 3817 inneneuuenquasl
589 3744 662 3800 dicas
676 3743 925 3810 Commonitorium,
940 3757 1009 3804 siue.
1027 3752 1119 3825 iit'ipsi
1133 3753 1239 3802 veteres
1251 3748 1467 3818 interpretantur,
1481 3753 1697 3817 llemoratoiinm
1714 3779 1724 3817 ς

81 3818 149 3887 quod
171 3819 290 3872 auctoris
304 3817 444 3874 consilinm
457 3817 539 3874 luisse
558 3817 628 3872 istud
643 3815 774 3880 videatur,
790 3821 819 3868 nt
832 3814 959 3869 Ecclesiae
971 3813 1110 3868 catholicae
1121 3824 1215 3871 contra
1233 3818 1391 3890 Pelagianos
1402 3822 1570 3894 doctrinam,
1586 3834 1724 3888 memoriae

77 3887 203 3958 junonius
219 3903 310 3954 causa,
321 3887 480 3958 compendio
497 3886 612 3943 traderet
628 3905 635 3941 ε
651 3884 862 3952 sammonicus,
877 3885 971 3954 inquit,
983 3884 1246 3956 buramnilendum,
1262 3901 1383 3961 saumana
1396 3899 1578 3964 paropamenos,
1592 3900 1723 3957 nonma-

80 3969 129 4012 rum
143 3961 215 4014 lrunc
228 3963 311 4031 fucere
319 3959 432 4014 libellum
444 3961 539 4012 minui.
564 3957 592 4014 lu
605 3957 751 4014 sorbonico
767 3965 854 4011 tanuen
871 3956 964 4011 codice
985 3965 1014 4011 et
1030 3957 1223 4014 recentioribus
1241 3957 1342 4030 aliquot
1362 3967 1551 4035 manuscriptis
1572 3973 1724 4041 appellator

79 4027 152 4084 hiber
167 4029 379 4101 lippoqnosticon
387 4029 540 4112 Augustini:
550 4037 629 4100 atquo
639 4028 718 4083 ildcin
733 4028 774 4082 isti
783 4027 946 4108 recentiores
960 4027 1132 4096 manuscripti
1141 4037 1246 4084 sextum
1259 4031 1366 4100 librum,
1378 4035 1424 4104 qni
1437 4036 1472 4092 de
1486 4039 1724 4107 praedestinatione

78 4109 127 4168 est,
141 4100 280 4171 prioribus
293 4101 409 4172 quinque
421 4100 494 4155 lihris
508 4115 560 4155 non
573 4100 728 4170 adiungunt.
745 4097 773 4152 ln
786 4097 979 4167 antiquioribus
991 4112 1073 4168 porro
1087 4101 1293 4170 manucensis,
1309 4105 1413 4160 scilicet
1425 4105 1583 4178 Ilcmigiano
1592 4128 1724 4172 annorum

79 4170 133 4226 lese
150 4181 363 4241 nongentorum,
380 4171 571 4235 Germanensi,
585 4179 612 4226 et
626 4170 696 4235 aliis,
714 4169 804 4224 titulus
817 4169 890 4236 operi
902 4167 1026 4250 praeliiius
1039 4177 1090 4236 est,
1101 4169 1291 4250 ‚seposuisses
1300 4177 1381 4230 suncti
1394 4176 1527 4247 Augustiui
1539 4193 1627 4238 contro
1643 4183 1725 4242 Pelu-

78 4243 169 4312 piuuos
182 4253 206 4296 ct
221 4240 391 4296 Culestiunos.
406 4241 523 4312 Postque
539 4242 636 4296 librum
650 4242 763 4311 primum
775 4241 801 4294 in
818 4239 891 4294 lusce
905 4237 1043 4294 codicibus
1057 4241 1162 4308 iegitur,
1178 4241 1298 4313 Explicit
1310 4248 1439 4317 responsio
1456 4250 1548 4320 primu.
1572 4253 1668 4327 Incipit
1682 4273 1724 4312 re·

77 4313 181 4382 sponsio
196 4314 316 4366 secundo.
331 4313 394 4367 Post
406 4313 563 4376 secundum,
581 4309 651 4366 Fluit
663 4311 793 4380 responsio
803 4310 923 4365 secundo.
943 4309 1038 4380 lncipn't
1055 4313 1185 4381 responsio
1200 4315 1283 4368 tertia.
1304 4315 1338 4370 Et
1350 4319 1473 4374 similiter
1487 4333 1548 4390 post
1560 4326 1678 4396 singulos
1693 4328 1724 4384 ll-

77 4381 138 4437 hros
159 4396 244 4453 usque
261 4383 293 4438 ad
311 4384 506 4453 quintumque
520 4383 645 4438 nimirum
660 4383 734 4438 lliilto
746 4381 893 4450 subjicitur,
907 4379 1022 4452 Explicit
1032 4383 1160 4451 responsio
1174 4385 1271 4451 quintu
1284 4384 1380 4457 Incipit
1389 4388 1420 4444 de
1433 4388 1659 4451 Proedcsti'notione
1670 4397 1725 4453 dis·

76 4455 176 4523 putatio
196 4461 283 4507 contro
302 4455 402 4509 eosdem
417 4470 428 4508 .·
441 4453 486 4526 qui
507 4464 547 4508 est
567 4454 634 4510 liber
646 4453 725 4524 uulgo
739 4460 829 4508 sextus
850 4452 1075 4524 llypognosticnn.
1097 4450 1173 4508 lliinc
1190 4466 1295 4511 sextum
1314 4459 1410 4514 lihrnm
1429 4461 1515 4516 solnm
1535 4478 1566 4519 ac
1582 4468 1721 4523 seorsim

75 4526 197 4595 quinque
209 4525 267 4579 aliis
282 4523 408 4580 exhibent
421 4524 546 4580 Victorini
560 4524 667 4594 qnidam
682 4522 797 4591 codices,
812 4537 872 4577 cuin
888 4523 970 4578 liacce
981 4523 1166 4591 inscriptione,
1180 4523 1326 4595 Disputatio
1346 4529 1481 4601 Aupustini
1502 4533 1535 4588 de
1556 4537 1724 4605 moedmtinu·

75 4596 141 4650 tione
158 4603 248 4649 contro
262 4593 426 4666 Pelnpimios.
442 4593 631 4651 Germanensis
644 4609 749 4666 quoque
761 4594 839 4664 longe
852 4595 986 4664 antiquior
995 4595 1080 4648 codex
1093 4609 1154 4648 eum
1174 4600 1293 4652 continet
1313 4597 1352 4652 sic
1371 4611 1559 4670 praenotatum,
1574 4606 1671 4680 Incipit
1688 4611 1722 4666 de

75 4663 349 4720 Prsulestinutionibiis
371 4665 504 4720 aduersum
528 4664 670 4720 Colossinus
692 4665 756 4718 beuti
770 4663 925 4735 Aupustini:
938 4671 965 4718 et
990 4664 1079 4735 primo
1101 4665 1205 4720 sublato
1227 4683 1305 4722 uersu
1328 4670 1497 4740 inprientcm
1520 4676 1554 4730 ab
1577 4678 1635 4734 istis
1657 4696 1721 4737 uer-

72 4735 132 4802 bis,
159 4734 260 4789 Addere
286 4738 361 4791 etium
377 4753 452 4807 mum
469 4737 579 4790 munins
602 4737 660 4789 huic
684 4735 755 4803 operi
779 4743 885 4804 oportet.
919 4733 978 4803 Quo
1003 4735 1111 4805 quidem
1138 4736 1165 4790 in
1190 4737 1282 4792 codice
1307 4739 1375 4795 liber
1399 4743 1443 4798 illc
1465 4755 1558 4802 scitus
1578 4750 1722 4822 subjicitur

72 4808 214 4876 excerptis
226 4807 383 4876 quibusdam
394 4823 427 4864 ex
440 4807 579 4879 chhonio
591 4805 728 4862 Donatista
743 4823 750 4861 :
765 4813 794 4860 at
806 4805 963 4860 llincmarus
977 4806 1195 4876 archiepiscopus
1205 4807 1348 4866 Remensis
1359 4812 1386 4866 in
1400 4812 1468 4868 libro
1485 4815 1519 4871 de
1537 4817 1720 4880 Praedestiua-

72 4878 161 5006 tuipse,
188 4875 280 4948 capite'
299 4879 398 4951 primo,
411 4878 543 4949 signillcat
555 4878 640 4934 uisum
661 4877 710 4934 sihi
724 4875 854 4940 codicem,
868 4877 896 4930 in
909 4890 962 4946 quo
976 4886 1037 4947 post
1060 4890 1128 4947 opus
1139 4877 1173 4932 dc
1185 4877 1252 4935 0cto
1277 4880 1475 4950 Quaestionihiis
1489 4885 1595 4946 Dulcitii
1607 4893 1722 4966 subiun-

86 4963 100 5004 e
120 4960 199 5005 stur.

70 4965 85 5018 g
103 5022 246 5077 Caeterum
259 5019 329 5093 quod
343 5021 376 5076 ad
390 5033 487 5076 nomen
502 5019 643 5092 AugustIni
655 5027 767 5090 spectat,
784 5017 810 5074 id
828 5017 939 5073 omnino
952 5017 1046 5074 aberat
1058 5019 1093 5072 ah
1106 5020 1289 5092 antiquissimo
1301 5023 1381 5094 buius
1390 5027 1480 5097 operis
1494 5033 1640 5103 exemplari
1653 5035 1721 5093 Cor·

68 5090 188 5147 hoiensi·
212 5092 360 5164 Augustino
375 5100 462 5148 tamen
482 5092 545 5146 olim
564 5091 690 5147 tributum
708 5105 774 5160 opus
786 5089 920 5160 reperitur
932 5103 947 5142 a
960 5090 1134 5159 scriptoribus
1146 5093 1211 5147 noni
1224 5094 1314 5150 saeculi
1330 5115 1336 5149 :
1351 5111 1418 5180 quos
1430 5100 1501 5156 luter
1514 5101 1673 5162 llincniarus
1691 5108 1721 5166 ln

68 5163 186 5230 epistola
201 5163 235 5218 ad
247 5163 404 5219 Amolonem
415 5173 443 5219 et
453 5162 598 5220 Ecclesiam
612 5161 815 5232 Lugdunensem
828 5161 862 5216 de
872 5157 1059 5244 Gottescbalco
1068 5163 1443 5244 scripta,¹dicitAngostinum,
1455 5189 1467 5224 i
1480 5181 1619 5245 postquam
1629 5177 1663 5233 de
1672 5177 1720 5233 Li-

69 5233 136 5286 licrn
147 5232 281 5298 Arbitrio.
292 5235 360 5290 etde
372 5233 546 5304 Correptione
560 5241 587 5286 et
599 5232 784 5299 praetactos
799 5231 965 5287 Persectione
973 5234 1081 5302 justitiae
1093 5233 1219 5301 lioininis,
1229 5235 1299 5292 etde
1311 5237 1547 5300 PrandestInationc
1559 5245 1721 5305 Sanctorum

67 5305 100 5357 sil
115 5305 284 5374 Prosperum
296 5317 323 5362 et
338 5304 477 5374 llilarium,
492 5304 536 5360 ubi
549 5303 615 5358 nihil
629 5303 664 5360 de
676 5303 909 5374 predestinatione
921 5302 1106 5372 repr-chorum,
1121 5305 1168 5359 sed
1181 5305 1216 5362 de
1228 5310 1459 5376 predestinatione
1474 5324 1626 5371 sanctorum
1641 5319 1719 5382 dixit.

68 5377 165 5432 multis
179 5375 374 5444 postulantibus
384 5376 537 5446 sculpserat,
553 5373 650 5431 librum
662 5375 886 5447 llypomnesticon
900 5373 1028 5456 aduersus
1040 5374 1194 5430 Coelestmm
1207 5388 1236 5434 et
1248 5378 1384 5452 Pelagium
1398 5385 1536 5455 scripsisse
1550 5386 1585 5442 de
1599 5389 1719 5461 quinque

85 5447 279 5513 uacationibus,
292 5446 372 5502 ethis
386 5455 487 5502 sextam
500 5447 559 5502 loco
570 5445 765 5501 retractationis
777 5443 993 5513 superaddidisse
1006 5443 1039 5498 de
1052 5445 1296 5519 praedestinatione,
1307 5451 1354 5507 uhi
1364 5469 1395 5510 se
1405 5463 1517 5512 excusat
1527 5471 1582 5512 non
1592 5473 1626 5514 eo
1635 5474 1719 5518 sensu

65 5460 184 5584 aluisse,
202 5531 253 5642 3⁰⁰
266 5517 376 5588 intelligi
387 5516 458 5574 velle
471 5516 673 5587 predestinatos
688 5515 722 5571 ad
740 5515 894 5583 interitum,
909 5515 957 5570 sed
970 5515 996 5570 in
1010 5517 1154 5614 iniquitatq
1161 5519 1204 5576 vel
1215 5521 1351 5593 impietate
1362 5527 1595 5594 perseverantibus
1609 5545 1718 5601 pieriam

65 5601 129 5642 esse
161 5603 200 5642 rar
220 5589 397 5644 eminatam.»

102 5603 282 5716 bigenerum
303 5659 438 5730 llemigins
461 5657 675 5730 archiepiscopus
688 5665 716 5715 et
727 5657 846 5714 Ecclesia
859 5656 1045 5728 Lugdunensis
1054 5658 1081 5715 iri
1096 5657 1164 5718 lihro
1177 5661 1211 5719 de
1226 5664 1310 5721 trihus
1324 5663 1460 5735 Epistolis,
1474 5671 1560 5740 cipite
1576 5673 1716 5744 trigesimo

63 5731 177 5796 quinto,
192 5729 291 5786 reiellit
302 5731 329 5786 in
344 5727 402 5784 haec
414 5730 494 5785 verha
510 5745 518 5782 s
532 5749 542 5782 i
556 5730 683 5801 Adiungit
694 5729 773 5785 etiam
788 5743 844 5786 rem
860 5743 971 5793 novam.
987 5739 1014 5786 ct
1026 5745 1112 5802 neque
1125 5748 1158 5788 ex
1174 5735 1297 5803 lectione,
1309 5751 1395 5806 noque
1409 5751 1443 5792 cx
1455 5740 1547 5796 iuraui
1557 5741 1644 5814 aliqua
1659 5755 1716 5800 tra·

62 5801 175 5856 ditione
189 5801 268 5858 nobis
281 5801 410 5858 hactenns
424 5810 588 5869 compertam
606 5821 613 5856 :
629 5801 700 5870 quod
715 5803 815 5858 scilicet
828 5801 921 5856 heatus
933 5803 1096 5872 Augustinus
1115 5815 1176 5875 post
1192 5821 1286 5862 omnes
1299 5807 1382 5862 libros
1396 5823 1460 5865 suos
1473 5813 1610 5882 scripserit
1620 5830 1717 5886 queni-

61 5871 130 5929 dam
145 5871 279 5938 libellum,
295 5887 374 5942 quem
384 5887 472 5944 graeco
484 5873 614 5930 uocabulo
626 5869 803 5946 inspuerunt
816 5871 953 5938 homiues,
968 5874 1040 5944 quod
1059 5874 1140 5932 latine
1159 5877 1375 5934 Memoratoriuui
1398 5879 1601 5955 interpretatum
1622 5887 1648 5942 in
1665 5903 1722 5962 que

258 5961 374 6032 ΒΑΜ.
397 5968 538 6032 Auouss.
561 5968 603 6032 X.
1258 5970 1555 6059 idioquae-nne.)
