4009 6375
251 376 321 435 ιιιι
604 368 727 427 ononis
746 366 952 425 turbassent
970 366 1109 425 cou'rtta
1127 366 1308 439 ttittatttJtt,
1329 372 1360 428 S.
1380 373 1564 432 natusetsi
1817 378 1891 439 trop

255 490 264 521 ι
281 484 335 526 nan
347 464 526 538 innitiqentes
539 470 666 535 quantum
682 461 724 519 bis
737 460 898 517 contulerint
910 459 1035 528 lionoris,
1094 462 1264 532 rescripseris
1276 462 1415 521 audiamus
1427 482 1457 519 :a
1473 466 1532 521 lion
1545 474 1587 523 est
1595 466 1633 523 ita
1645 474 1674 523 ut
1685 466 1812 540 loqueris,
1824 473 1889 542 qai.

254 578 263 613 ι
280 571 393 632 quorum
405 554 580 613 ostenderunt
592 552 704 625 gloriam
714 551 765 607 nisi
778 564 839 607 eum
851 549 979 606 eatlroiica
993 564 1039 604 re·
1095 568 1106 603 a
1123 564 1237 624 eumque
1247 554 1296 607 ista
1304 554 1407 622 dixisti;
1421 572 1474 612 non
1485 568 1527 614 est
1537 559 1573 615 ita
1583 576 1591 616 z
1601 561 1715 616 multum
1725 561 1834 629 titteris,
1844 564 1890 621 rei

250 674 259 707 ι
279 650 377 723 ligione
389 662 444 705 non
462 645 581 718 potuisse
600 642 724 701 oonreili.
743 640 811 699 Nam
823 641 846 697 si
866 640 925 711 quis
939 651 985 695 aut
1004 638 1040 695 li·
1096 660 1108 695 ι
1123 642 1215 700 ialiere
1228 644 1365 701 meditaris
1377 664 1384 702 :
1397 663 1450 702 non
1462 648 1575 706 iiberam
1589 666 1717 721 negamus
1726 653 1889 720 arbitriums

250 740 370 796 abarum
392 738 420 793 ia
448 734 601 793 bominibus
624 732 781 797 arbitrium,
802 737 850 786 aut
875 730 958 786 ileum
980 744 1042 785 esso
1096 734 1186 802 «scd,
1201 735 1285 792 Sinas
1298 736 1552 811 Fidustium,
1568 742 1739 812 aitioritas,
1755 756 1815 800 tenc
1832 762 1892 802 sere

248 852 257 887 ι
276 830 442 891 nascentium
456 826 622 885 conditorem
633 826 749 892 dixerit,
764 823 942 882 coelestianus
954 832 982 881 et
995 822 1043 879 Pe·
1097 842 1108 877 r
1124 825 1197 881 libari
1205 826 1297 882 eritis»
1315 827 1458 899 (ioan-arn
1469 832 1535 903 ὧι).
1554 851 1564 886 ι
1582 834 1891 893 flurronosinridetisii·

246 942 255 976 c
276 921 397 993 lupianus
408 926 528 976 tonatur.
541 916 581 975 tie
591 916 810 989 igitursooentar
820 914 959 982 baeretici,
975 912 1040 970 duait
1096 932 1107 969 t
1126 916 1286 985 beratorem,
1297 920 1395 991 quibus
1408 923 1519 993 captiuis
1529 939 1625 979 uanam
1635 924 1767 983 tribuistis
1778 927 1892 983 liberta-

245 1036 255 1068 ι
277 1012 433 1076 bianiobeia
448 1021 476 1069 et
488 1011 551 1068 dum
564 1010 658 1067 iaisam
670 1018 797 1067 serentur
810 1008 945 1065 infamiam
961 1008 982 1076 ¹,
995 1024 1043 1064 re-
1099 1024 1110 1059 ι
1128 1015 1192 1066 tam
1206 1008 1227 1061 Δ
1246 1024 1296 1079 auo
1308 1010 1375 1065 carim
1389 1013 1445 1083 quis
1457 1012 1627 1084 devicturam,
1646 1016 1716 1072 ricnt
1740 1016 1804 1073 dicit
1815 1017 1892 1075 seri-

246 1126 253 1159 ι
275 1120 336 1163 raam
347 1104 448 1162 crimen
459 1102 614 1161 incurrunt:
626 1100 847 1170 instariararum,
858 1100 1043 1173 qaaeeirean-
1097 1114 1108 1151 ι
1126 1106 1216 1170 ptura,
1232 1100 1292 1156 iric
1304 1111 1329 1157 et
1341 1105 1604 1163 masaddicturest
1621 1126 1631 1162 r
1649 1108 1682 1182 (ΙΙ
1697 1110 1767 1167 Patr.
1782 1126 1812 1180 tt,
1827 1112 1891 1183 ι9);

245 1220 254 1247 a
276 1196 376 1254 dautur
390 1196 496 1269 pinnis,
512 1204 542 1253 ut
562 1206 692 1268 cogamm
703 1194 730 1251 ln
749 1195 834 1261 retia;
857 1194 954 1265 quibus
972 1208 1042 1263 qua-
1097 1192 1323 1263 crreeqaisqasn
1342 1195 1393 1251 nisi
1411 1201 1581 1268 pergratiam
1595 1198 1757 1259 biberatoris
1770 1204 1822 1260 isto
1833 1206 1893 1260 sol·

246 1306 254 1341 ι
279 1290 350 1347 uiam
362 1286 439 1345 deest
451 1288 519 1345 ratio
529 1326 538 1353 ,
549 1286 575 1344 in
587 1301 680 1344 rerum
693 1286 806 1343 exitium
816 1300 884 1340 rana
899 1284 1043 1341 tormidine
1097 1298 1108 1333 a
1125 1282 1196 1339 aitnr
1205 1284 1315 1341 rimata
1326 1287 1480 1355 remittitis,
1497 1304 1513 1344 a
1528 1301 1637 1361 quaest
1649 1291 1787 1350 bominum
1799 1296 1892 1353 nulius

246 1398 255 1429 a
275 1380 484 1436 cotrtrudunturr
501 1378 552 1454 (De
563 1378 668 1451 Nuptiis
680 1386 704 1433 ct
714 1376 937 1448 Concupiscentia,
956 1376 1000 1431 tii.
1013 1375 1042 1441 ι,
1097 1388 1109 1425 ι
1126 1371 1261 1430 immaturis.
1278 1372 1331 1432 Per
1346 1392 1427 1432 enam
1444 1379 1543 1450 qnippe
1556 1381 1682 1437 innurem
1697 1395 1828 1452 peccatam
1848 1386 1892 1441 in·

248 1488 292 1527 tun.
306 1472 335 1538 6,
350 1470 700 1546 7.)·Cognoscodiotamea,
715 1468 762 1525 aad
775 1482 854 1524 noua
869 1468 1044 1523 tecumlnte·
1096 1464 1240 1519 inantia
1259 1467 1396 1535 ruendam,
1412 1477 1436 1522 ct
1458 1484 1503 1539 per
1524 1482 1652 1542 peccatam
1670 1486 1758 1541 ntort,·
1775 1484 1800 1527 et
1814 1475 1893 1529 isaiae

247 1564 343 1636 gabata
353 1562 457 1635 prolata
468 1582 475 1620 ι
488 1572 516 1620 et
529 1562 591 1619 iicet
602 1576 655 1619 non
668 1560 695 1617 in
705 1558 747 1616 bis
757 1559 929 1617 certaminis·
939 1572 1044 1614 samma
1097 1571 1109 1607 ι
1124 1572 1211 1611 omnes
1221 1556 1335 1613 donarer
1345 1560 1501 1629 pmrnrdit,
1511 1560 1597 1633 inqae
1608 1576 1694 1618 emsa
1707 1578 1891 1635 „emm

249 1656 398 1724 corrslstat,
421 1656 482 1729 qula
503 1655 538 1713 de
551 1654 706 1728 praefatione
716 1661 793 1720 sunt;
808 1661 895 1709 mmen
909 1660 938 1708 ut
950 1651 1045 1707 leuitas
1095 1646 1156 1716 (ila
1168 1646 1273 1720 Nuptiis
1285 1658 1311 1705 et
1329 1648 1545 1722 cmcapiuentta,
1562 1653 1643 1720 iim,
1662 1672 1688 1709 n.
1703 1656 1744 1726 ι).
1770 1656 1891 1728 Δωριῆς.

249 1758 294 1803 tua
316 1746 433 1819 liqueat,
456 1745 539 1803 irater
558 1744 728 1811 beatissime,
750 1744 779 1801 in
795 1758 828 1799 ea
848 1744 909 1801 loco
930 1740 1044 1814 posltnnr
1095 1738 1191 1793 situram
1210 1754 1272 1794 esse
1284 1742 1369 1796 anstai
1381 1743 1481 1812 negotii
1500 1742 1673 1815 ιιὶςιιιιιιιιιι,
1686 1754 1717 1802 m
1730 1746 1785 1817 ipss
1800 1764 1894 1805 mm

249 1852 304 1895 uon
319 1848 377 1904 est,
391 1836 439 1895 sed
453 1838 479 1893 in
501 1838 588 1909 primo
602 1838 690 1893 statim
703 1850 782 1893 versu
797 1834 869 1891 iibri.
882 1834 947 1890 item
961 1834 1044 1890 ⁸cum
1096 1830 1277 1885 mosiaci-atio
1297 1843 1325 1886 at
1343 1834 1472 1903 appensio
1490 1835 1604 1904 indicat,
1629 1852 1697 1909 quas
1715 1847 1831 1906 tueantur,
1855 1843 1894 1898 its

248 1930 395 2001 dixissem,
424 1949 436 1986 ι
464 1929 499 1987 ad
528 1930 666 1986 bominum
689 1944 802 2002 quorum
826 1928 924 1983 sanetis
950 1926 1045 1983 sturdiis
1095 1922 1274 1979 ettamunster
1284 1938 1383 1993 paror:
1397 1926 1442 1995 qui
1454 1936 1710 1985 ooattranostromm
1720 1933 1891 2003 arapennem,

251 2038 262 2073 ι
281 2030 405 2089 uruntur,
418 2020 594 2078 contumelias
609 2030 636 2076 et
659 2021 788 2087 exitium;
807 2018 935 2085 reddidi,
952 2036 962 2071 ι
976 2034 1045 2089 quo·
1096 2014 1271 2083 pecuniarum
1284 2016 1430 2082 allusione,
1453 2018 1639 2077 haereditatum
1653 2022 1790 2095 largitate,
1805 2041 1894 2099 equo.

253 2130 264 2167 ι
282 2114 354 2168 uriam
368 2110 421 2169 lter
436 2110 508 2169 aliud
523 2126 577 2167 aon
596 2110 704 2183 patebat
715 2152 724 2179 ,
736 2110 913 2167 decreuerunt
927 2124 975 2180 per
989 2108 1044 2163 mi·
1095 2120 1155 2163 mm
1169 2108 1390 2176 transmissione,
1404 2112 1561 2181 populorum
1573 2113 1716 2181 seditione,
1729 2124 1893 2187 muscetum

250 2222 262 2258 ι
281 2220 343 2261 nam
363 2205 447 2261 totius
459 2202 586 2261 Ecclesiae
606 2202 758 2275 peruenire.
778 2218 788 2255 r
805 2202 868 2258 Post
881 2201 1044 2272 quodetiam
1095 2200 1270 2269 oorruptiono
1282 2214 1440 2272 pugnantes,
1452 2212 1480 2259 et
1493 2204 1573 2259 iidem
1585 2216 1701 2262 vestram
1712 2222 1798 2279 quaer
1810 2210 1893 2269 nobis

248 2294 322 2365 diri,
335 2313 347 2350 ι
362 2297 424 2369 quia
435 2294 511 2352 liberi
524 2293 663 2351 coniessor
673 2293 775 2350 arbitrii
787 2300 815 2349 et
825 2292 871 2348 liei
884 2290 1043 2359 conditoris,
1096 2288 1275 2359 impugnatur,
1295 2292 1452 2349 erubescitis
1463 2294 1644 2367 proitterl,et
1655 2297 1690 2353 ad
1708 2309 1807 2357 num
1819 2314 1888 2358 m.

251 2404 262 2441 t
277 2386 455 2445 coelestianus
465 2396 496 2442 et
509 2384 669 2457 Pelagianos
683 2394 802 2449 coeatur,
815 2398 868 2456 quo
880 2384 1042 2454 simplicant
1095 2381 1197 2448 tentiam
1212 2396 1227 2433 a
1242 2396 1294 2452 qua
1305 2382 1433 2439 deviastis
1448 2386 1469 2452 ¹,
1481 2388 1564 2441 rerba
1575 2386 1730 2459 ooaiuqitis.

248 2478 358 2551 inquio,
373 2497 384 2532 ι
402 2492 528 2535 sermone
543 2476 555 2510 ⁸
570 2477 715 2549 perterriti,
729 2488 758 2533 ut
771 2476 805 2533 ab
819 2476 915 2533 inuidia
929 2476 1045 2533 nominis
1132 2473 1199 2529 duc.
1215 2474 1268 2529 Aut
1281 2475 1371 2531 scians
1391 2476 1619 2546 calumniaris,si
1639 2488 1669 2535 ta
1686 2481 1736 2537 ista
1749 2484 1892 2551 mucis:

252 2588 263 2623 ι
281 2579 425 2639 exurantur,
447 2569 527 2625 etiam
542 2582 636 2624 sanam
657 2565 736 2625 iidem
757 2566 900 2635 deserunt3
917 2568 1045 2625 credituri
1095 2566 1284 2621 ratreseiens¹
1297 2568 1497 2639 qaidloquaris,
1508 2572 1768 2629 commendantibus
1775 2575 1892 2632 credine

252 2682 262 2717 ι
279 2660 372 2735 prooud
389 2658 489 2728 dubio,
502 2674 553 2715 neo
565 2658 679 2715 liberum
692 2672 753 2715 esse
767 2658 794 2714 in
807 2656 961 2715 bominibus
972 2660 1044 2715 arbi·
1095 2657 1143 2713 aad
1154 2656 1210 2728 jin
1224 2659 1291 2713 satis
1302 2660 1338 2715 sit
1349 2660 1422 2730 quod
1434 2663 1559 2733 superitrs
1568 2672 1621 2719 tan
1630 2665 1895 2727 sanitatireletiam

252 2770 262 2805 ι
282 2750 380 2817 trium,
393 2764 444 2809 noo
457 2748 540 2805 bean
554 2749 722 2805 nascentium
738 2748 922 2815 conditorem,
937 2748 1045 2821 quando
1095 2747 1254 2818 malignitati
1268 2750 1302 2804 ad
1312 2750 1362 2806 istu
1376 2753 1503 2822 respondi
1518 2752 1631 2827 (Sapra,
1645 2773 1704 2826 ωρ,
1716 2757 1774 2831 aa),

252 2860 264 2897 a
281 2842 346 2898 iilud
359 2840 431 2915 qaod
443 2841 517 2912 prius
529 2838 746 2905 aiilrmarerant,
761 2848 902 2912 atrumque
916 2838 1045 2896 deserue·
1130 2836 1238 2895 bxxv.
1261 2840 1322 2897 lua.
1345 2842 1411 2897 Tam
1422 2844 1495 2899 erim
1509 2847 1652 2902 meiosnm
1666 2857 1724 2916 ast,
1737 2849 1810 2921 qaod
1826 2866 1895 2908 eus.

251 2953 264 2990 a
280 2936 345 2993 rint.
362 2948 374 2990 t
396 2932 455 2991 lino
476 2942 566 2990 autem
582 2940 667 2989 totum
689 2946 705 2988 a
728 2940 755 2988 te
769 2930 977 3004 pretermissum
992 2942 1044 2988 est.
1094 2928 1169 2999 oepit
1182 2932 1366 3001 prevaricatio
1380 2934 1503 3003 pudenda
1516 2935 1678 3008 babylonis,
1691 2948 1722 2995 ut
1734 2956 1796 2996 ouar
1807 2957 1824 2997 a
1835 2958 1891 3000 ruo·

249 3026 396 3100 Postquod
409 3036 473 3083 suat
486 3026 530 3082 iila
545 3040 605 3098 qaae
618 3024 743 3097 posuisti.
758 3040 837 3097 quam
852 3040 916 3081 sano
928 3041 1002 3095 vera,
1017 3033 1046 3082 ei
1096 3018 1140 3079 bis
1152 3020 1288 3091 objicitur,
1309 3022 1414 3079 arnbb
1431 3034 1603 3096 nepetarset
1623 3037 1677 3083 ιιιιι
1695 3041 1818 3087 utimum
1828 3044 1893 3103 est,

250 3132 331 3193 quam
346 3116 577 3189 inexpugnabilia,
591 3114 664 3172 baud
682 3114 796 3171 diidciiis
813 3115 864 3171 erit
876 3130 956 3187 opera
971 3131 1046 3173 oom-
1096 3113 1171 3184 qaod
1183 3128 1199 3168 a
1212 3114 1292 3171 nobis
1302 3114 1430 3181 creditur,
1441 3125 1471 3171 ut
1479 3117 1530 3173 sub
1541 3117 1636 3176 rnubra
1645 3119 1705 3192 ejus
1712 3120 1891 3196 delitescere,

250 3213 365 3286 probare
375 3211 397 3266 ¹.
416 3209 472 3268 Nea
484 3223 534 3283 ego
549 3210 629 3280 igitur
641 3209 786 3282 quidquam
797 3209 830 3265 de
844 3209 896 3266 tuis
909 3209 988 3268 dictis
998 3211 1046 3266 mi·
1096 3204 1158 3260 iicet
1168 3204 1321 3262 aur-erana
1335 3215 1443 3273 mcrrte,
1454 3208 1579 3279 carpetis.
1593 3211 1661 3268 ιιιιιι
1678 3227 1739 3270 cern
1750 3217 1894 3288 agapeta.

250 3319 317 3375 nas,
329 3319 379 3360 nec
390 3312 419 3360 tu
430 3299 473 3358 ael
483 3299 599 3373 primum
609 3307 707 3372 eaput,
721 3299 757 3354 ita
772 3307 827 3356 uta
841 3317 884 3356 rae
894 3300 1045 3357 ordinatam
1096 3295 1161 3366 qnid
1172 3296 1361 3368 disputationis
1372 3308 1468 3355 vestrae
1480 3302 1594 3371 sparsim
1607 3304 1735 3361 membris
1749 3307 1895 3366 tenebatur

250 3397 352 3464 irrorat,
366 3395 489 3452 retulisti.
501 3391 580 3461 Quod
594 3393 655 3449 ideo
667 3391 788 3459 inculco,
803 3401 830 3448 ιιι
843 3391 959 3466 gravitm
969 3391 1046 3451 Poeni
1096 3389 1291 3460 exprimerem,
1311 3399 1341 3446 et
1358 3405 1490 3447 sumtuum
1507 3395 1664 3464 questionis
1685 3396 1712 3452 in
1734 3397 1893 3457 breuitate·

250 3485 524 3560 scupaocnentnen.
1096 3493 1236 3551 oseem,
1250 3492 1279 3537 ar
1294 3483 1670 3545 emmerammenses
1683 3505 1893 3564 erumpam

288 3578 356 3635 buc.
371 3575 420 3645 Qui
435 3573 557 3632 delibrls
569 3573 637 3637 tuis,
653 3587 714 3644 quae
735 3573 820 3628 volarit
838 3572 981 3646 decerpta,
1001 3575 1046 3630 eui
1097 3579 1126 3625 ot
1139 3572 1226 3642 qualis
1249 3583 1340 3640 esset,
1355 3575 1414 3630 sina
1439 3576 1514 3632 lamo
1537 3588 1566 3634 et
1591 3579 1698 3636 nalraiis
1721 3583 1894 3653 medsrmr,

252 3669 338 3726 rcrluit
350 3665 462 3741 legenda
476 3663 634 3732 transmisit,
650 3664 708 3735 lpse
719 3663 791 3734 quod
806 3662 870 3719 milri
883 3665 997 3735 imputas
1008 3661 1047 3720 le·
1096 3661 1156 3718 disi
1170 3662 1282 3720 liberum
1297 3679 1313 3718 a
1327 3665 1405 3722 robis
1416 3666 1554 3724 arbitrium
1568 3673 1679 3742 reperi,
1693 3683 1723 3730 ee
1734 3675 1817 3732 pm
1828 3692 1896 3734 m,

251 3763 289 3817 cit
301 3779 309 3815 r
323 3775 373 3818 nec
383 3757 453 3814 uliud
466 3757 547 3814 etiam
559 3765 585 3812 te
596 3755 681 3827 ipsura
691 3754 815 3810 existimo
824 3753 944 3810 eredere.
954 3754 1047 3826 Neque
1096 3753 1215 3810 matium
1228 3753 1413 3824 conditorem
1434 3773 1543 3829 porres
1557 3762 1635 3818 „aas
1646 3762 1674 3818 pp
1686 3775 1828 3838 mmm
1838 3769 1894 3826 de,

252 3853 325 3910 enim
339 3852 366 3908 in
379 3849 474 3907 eodem
487 3848 556 3904 libro
569 3861 651 3914 meo,
667 3855 760 3902 contra
770 3859 849 3918 quem
862 3845 873 3879 ι
887 3847 978 3910 latras,
993 3861 1046 3902 nora
1096 3843 1185 3912 leudi,
1199 3854 1228 3902 et
1238 3846 1275 3903 ob
1288 3849 1340 3903 lroa
1351 3863 1401 3905 ros
1412 3849 1544 3921 imperitis
1563 3855 1672 3912 auribus
1685 3856 1721 3914 de
1739 3861 1896 3920 ramirans„

254 3957 314 3998 stum
336 3941 508 4012 prelocutus,
532 3937 576 3994 eui
590 3937 640 3993 sim
653 3936 782 3993 obartuite
798 3935 960 4006 respondere
972 3951 1047 3992 eom
1096 3935 1288 3992 orumieorutn
1299 3936 1434 4003 virorum,
1447 3941 1492 4011 qui
1506 3953 1616 4014 propter
1630 3945 1709 4002 ddem
1718 3950 1895 4019 apostoliam

256 4033 349 4104 pulsus
365 4047 372 4085 a
386 4027 543 4100 sedquaris
555 4023 731 4084 conviciando
749 4025 813 4096 quid
827 4025 913 4092 dieas,
926 4027 1047 4083 sentiens
1096 4041 1177 4100 qaam
1193 4029 1476 4097 senonensem·
1486 4032 1623 4101 mm,
1634 4038 1707 4094 eim
1720 4039 1827 4097 ium
1838 4042 1897 4100 m-

256 4131 283 4178 te
295 4121 360 4179 niirii
374 4119 490 4175 validum
504 4117 597 4174 dioere
611 4116 780 4187 disputando.
799 4115 957 4188 Quanquam
969 4124 997 4173 et
1020 4119 1046 4172 iu
1096 4133 1204 4191 parem,
1226 4120 1315 4190 utqui
1335 4121 1487 4180 timuissent
1505 4121 1659 4182 Colestiani
1683 4143 1700 4184 a
1723 4130 1800 4188 craia
1820 4133 1894 4203 diri,

259 4213 301 4269 iris
315 4211 384 4268 meis
396 4207 504 4276 serbis,
519 4223 579 4280 qaae
589 4221 652 4263 mox
667 4207 714 4263 tibi
728 4206 803 4278 quasi
818 4207 962 4265 rciriienda
983 4223 1048 4279 pro·
1097 4203 1384 4268 amitterentooelaetis
1397 4211 1460 4270 iidei
1477 4213 1651 4285 dignitatem
1663 4229 1693 4274 et
1707 4221 1752 4291 qut
1765 4224 1897 4293 separa..

256 4304 343 4377 ponis,
356 4301 382 4359 id
394 4300 466 4374 quod
478 4299 539 4357 dieo
552 4299 692 4356 aduertere
707 4299 835 4370 potuisti:
852 4313 905 4354 nou
920 4301 991 4356 enim
1004 4301 1050 4356 di·
1098 4309 1160 4356 sent
1169 4315 1203 4356 ne
1215 4316 1230 4356 a
1240 4302 1316 4358 nobis
1326 4301 1460 4372 Pelopiam
1470 4305 1633 4375 onerum,
1646 4309 1672 4366 in
1686 4311 1896 4372 uariatum..

254 4411 357 4462 eorem,
375 4391 459 4449 «Non
475 4400 517 4448 est
535 4389 571 4447 lta
593 4399 623 4445 ut
634 4389 762 4462 loqueris,
776 4390 936 4462 quicumque
948 4391 998 4446 ista
1007 4392 1049 4446 di-
1099 4390 1210 4462 pelagus
1231 4393 1478 4464 precipitarentur;
1504 4405 1681 4470 paurenrqq„
1711 4418 1744 4459 ω
1775 4405 1898 4474 imppp

257 4509 269 4545 ι
287 4488 366 4553 sisti;
383 4484 432 4541 ιιι
445 4493 632 4541 eertusasaom
647 4490 675 4537 te
686 4480 849 4547 liladlaisse,
864 4495 991 4537 nonaum
1002 4484 1048 4554 qui
1099 4483 1199 4554 quique
1210 4499 1266 4538 non
1288 4499 1369 4554 possa
1379 4484 1546 4544 mesaneos
1558 4492 1704 4560 appellari,
1719 4494 1742 4550 sl
1761 4509 1811 4552 eas
1822 4496 1897 4554 τη.

255 4580 361 4650 qualem
375 4576 506 4644 noluit,et
526 4571 666 4631 oalaolnit
687 4570 845 4644 scripturam
865 4574 948 4643 misit,
968 4589 1049 4645 quam
1101 4574 1207 4632 daciani
1229 4575 1387 4646 Pelagianos
1409 4589 1552 4639 commeat
1567 4599 1573 4635 ε
1586 4599 1678 4640 curae
1697 4585 1805 4656 „pm
1826 4603 1897 4659 pm·
2000 4575 2001 4583 ,

257 4668 323 4726 milri
341 4668 451 4725 mistam
463 4664 580 4722 reiutare
591 4677 771 4735 susceperam.
795 4661 848 4720 Sed
870 4663 926 4720 lieo
937 4666 1048 4736 gratias,
1070 4655 1079 4670 '
1102 4667 1199 4724 deantes
1211 4675 1378 4737 eminerent,
1390 4670 1514 4740 quamtis
1533 4673 1672 4730 nominum
1693 4676 1821 4737 insidiare
1840 4681 1898 4738 sibi

256 4759 329 4833 qnod
342 4759 467 4814 universo
478 4757 528 4827 ipsi
542 4756 618 4828 operi
641 4765 698 4820 tao,
710 4754 783 4811 tanda
802 4771 862 4826 quaa
873 4755 967 4822 voluit,
980 4758 1050 4814 siout
1100 4757 1727 4834 etinjuriamsustinendamanaqis,qaaaaiuiear
1734 4769 1898 4828 ermeliesm

267 4847 409 4922 dpisouit,
424 4847 475 4902 iste
484 4845 631 4917 decerpsit,
656 4845 692 4901 ita
708 4845 823 4901 Domino
834 4846 978 4918 adiurante
989 4865 1049 4905 res·
1100 4848 1313 4921 relinquendam.
1326 4848 1478 4908 ὃοιιιιιιιι
1499 4853 1552 4908 iutro
1578 4856 1664 4926 ipsunt
1686 4859 1900 4932 muriciam„
1999 4838 2001 4864 t

264 4939 353 5009 madi,
363 4938 489 4995 atamuia
499 4945 555 5004 taa,
565 4951 625 5008 que
634 4944 728 4992 oontm
737 4937 947 5008 antiquissimam
957 4939 1051 4996 satiro·
1100 4941 1900 5021 restraintcntutuinpenioglorierimteeordarrlnimbaas·

246 5045 338 5090 ¹catatu
351 5029 431 5086 fldem
440 5041 526 5084 noras
536 5026 678 5084 haereticus
687 5028 1049 5096 erexeras,maebiaameatu
1100 5031 1554 5104 albusquidembsretieisdirersa
1575 5039 1790 5103 aos⁸rocalrala
1805 5046 1900 5105 solere
2000 5038 2001 5054 ¹

258 5123 451 5181 subverterem.
1101 5123 1901 5198 tustlperoasedinspaodobrintiaeasinebamentlrscla·

296 5213 414 5274 uitii.
432 5211 494 5270 lua.
513 5210 612 5269 ιῖοιιιιι
635 5208 769 5282 baoomo
789 5210 871 5268 resin
893 5225 969 5282 mea,
990 5229 1051 5286 quse
1103 5216 1206 5286 mm,
1226 5216 1291 5287 quiq
1311 5218 1381 5287 ,pud
1399 5219 1540 5290 mmm
1558 5224 1721 5284 ΜΝ,
1736 5229 1901 5302 mmm
1999 5220 2001 5241 .

293 5370 351 5420 'sic
359 5366 494 5423 mam
504 5369 528 5417 a
539 5361 598 5416 dum
607 5363 695 5429 sam
704 5361 831 5438 mmm
841 5365 923 5420 mm
1102 5305 1194 5373 uerbi,
1211 5307 1253 5363 rel
1266 5309 1516 5370 comminatiouori
1537 5316 1660 5372 vocabuli
1678 5319 1764 5389 possit
1784 5321 1901 5380 seeleris

292 5435 304 5526 ζ
311 5432 421 5544 {guum
433 5427 573 5540 &ww
584 5424 762 5540 &ww
1104 5398 1235 5456 obtinere.
1247 5399 1315 5456 Nam
1328 5415 1389 5457 oum
1402 5402 1453 5460 sub
1464 5404 1565 5462 briano
1577 5409 1716 5484 principa,
1738 5412 1780 5470 sir
1791 5428 1901 5486 mara:
1998 5477 2001 5505 ·,

293 5553 366 5624 ‘tiss
376 5497 527 5610 effluere,
541 5501 728 5614 ιξιιιῗοιῗῗιιῖιιιεξιι
738 5547 820 5615 miquo
830 5563 963 5624 urnaque..
1137 5556 1146 5589 ¹
1158 5556 1195 5606 sio
1204 5561 1258 5606 itss.
1269 5557 1338 5619 miti,
1347 5556 1457 5612 deuictis.

294 5614 454 5678 ¹t‘uqniarius
475 5619 501 5664 et
519 5620 591 5663 uetus
611 5611 690 5664 oodex
710 5619 778 5671 iter..
800 5611 867 5664 laad
888 5611 986 5680 difficule
1005 5615 1053 5668 eit
1135 5619 1221 5678 ¹itas,
1234 5619 1321 5672 nenda.

262 5686 334 5741 apere
353 5673 518 5738 conprobare.
540 5678 611 5726 torto
630 5671 887 5742 promeantibus
908 5674 954 5728 crit
971 5689 1053 5743 opera
1136 5678 1279 5730 ⁸ttss.ttar.
1292 5680 1541 5739 euramnaitscen

262 5735 427 5808 cormoiarc.
1136 5739 1340 5816 *amandum
1356 5744 1471 5798 wcabuta
1483 5748 1709 5816 mamam
1759 5755 1764 5766 '
1811 5790 1820 5819 ,

297 5799 462 5863 ‘ttqtuoaiurs
478 5809 541 5866 qua.
552 5803 617 5864 lise,
631 5807 710 5864 quern
1108 5801 1317 5864 quadresotaitur
1330 5816 1361 5856 ex
1374 5811 1427 5858 tiss
