4009 6375
234 666 402 737 prehendere
424 668 523 728 (lisinae
547 670 617 729 laeta
643 676 799 747 sapientiae,
816 688 845 734 ut
867 680 1026 751 opinionum

236 771 345 817 tuarum
371 764 507 835 eorrigant
521 767 679 837 pravitatem
694 771 772 842 :quia
786 787 836 829 nee
848 773 882 829 ad
902 777 1030 847 quaestio·

234 864 297 908 nent
319 854 415 911 attinet
430 857 458 923 ¹,
482 859 601 916 sialiter
622 861 745 920 homines
769 881 849 935 quam
867 870 1028 926 universitas

234 946 372 1014 testissst
385 950 539 1020 generaturi
553 951 634 1010 luisse
646 953 786 1025 dicuntum
803 974 852 1015 nec
869 962 965 1017 melius
980 976 1027 1019 eos

232 1036 291 1095 lieri
315 1042 436 1111 potuisse
447 1058 528 1114 quam
541 1044 604 1101 lacti
624 1057 705 1114 sunt,
720 1059 750 1106 nt
765 1052 844 1121 ratio,
859 1054 937 1110 itaet
955 1053 1028 1112 Scri-

232 1141 310 1203 ptura
326 1142 457 1206 testatur,
481 1154 541 1211 qnae
553 1140 653 1197 clamat
668 1142 750 1200 ιιιιιιιι
765 1160 820 1203 oon
835 1149 922 1205 solum
934 1149 1024 1221 bom,

232 1224 282 1281 sed
303 1227 384 1283 etiam
409 1230 487 1287 valde
507 1232 691 1292 benefecisse
709 1240 799 1295 omnia
825 1239 912 1313 (Gen.
935 1259 955 1311 ι,
970 1245 1024 1313 st;

233 1315 315 1373 Ereti.
330 1336 434 1392 xxxix,
450 1322 508 1396 st).
521 1327 561 1382 Ac
583 1342 632 1398 per
646 1329 699 1386 lroc
717 1338 748 1387 ut
770 1348 818 1403 per
838 1343 922 1391 totum
937 1351 1024 1408 opus,

233 1410 278 1469 lrie
292 1428 399 1487 quoque
415 1416 623 1477 llanicbaeorum
648 1422 744 1495 dogma
766 1426 914 1501 collapsum
928 1438 980 1487 est.
993 1428 1024 1486 ln

230 1502 322 1562 tuturo
334 1515 425 1565 autem
445 1516 568 1583 tempore
588 1514 747 1584 gloriosiora
761 1532 887 1591 corpora,
900 1535 951 1577 nec
964 1522 1024 1593 opis

232 1600 357 1670 egeritis,
372 1600 431 1659 lore
450 1604 589 1662 beatorem
614 1605 739 1665 latemur.
754 1609 808 1667 Sed
825 1620 853 1668 et
871 1613 923 1669 lroc
936 1614 1023 1685 ipsum

229 1691 333 1761 optime
352 1692 505 1753 institutum
526 1707 594 1755 esta
609 1699 665 1756 lieo
676 1700 826 1772 justissime
837 1721 870 1761 ac
881 1706 1023 1778 sapientis-

228 1780 308 1850 simo:
324 1776 353 1841 ut
367 1793 465 1844 statum
489 1791 591 1860 praemi
603 1792 757 1865 neutiquam
772 1805 866 1854 natura
881 1808 1021 1870 perverte-

227 1877 311 1941 ret¹;
326 1875 373 1933 sed
397 1887 470 1935 esset
483 1880 587 1950 primm
604 1884 722 1955 gradus,
746 1886 773 1943 in
795 1904 848 1960 quo
861 1892 1022 1950 consisteret

225 1965 375 2038 ingenuitas
387 1971 528 2039 naturalis,
549 1982 577 2031 et
593 1974 627 2033 de
639 1992 711 2049 quo,
725 1992 774 2051 pro
790 1981 852 2053 jure
867 1983 969 2041 arbitrii
985 1986 1020 2041 li-

224 2056 295 2125 beri,
310 2060 352 2117 vel
373 2061 407 2118 ad
421 2076 563 2135 poenarum
575 2068 628 2124 ima
643 2069 838 2141 descenderet,
854 2076 897 2131 vel
910 2076 945 2133 ad
960 2078 1019 2151 glo·

223 2150 323 2209 riarum
336 2168 464 2213 cacumen
474 2172 524 2228 per
535 2172 582 2216 eas
593 2160 661 2229 vias,
673 2178 740 2235 quas
752 2163 822 2223 lieus
834 2166 963 2239 instituit,
977 2171 1020 2227 nl·

223 2256 333 2306 teretur.

257 2343 325 2401 Aue.
340 2342 468 2414 Prorsus,
488 2346 609 2418 triliano,
630 2366 683 2408 non
698 2352 796 2423 putasti
808 2362 836 2411 et
854 2370 913 2413 mea
925 2366 956 2415 et
971 2367 1017 2417 toa

221 2433 345 2495 homines
355 2452 415 2496 esse
426 2440 557 2510 lecturos;
571 2442 620 2500 sed
630 2443 671 2499 eis
681 2446 865 2505 tantummodo
875 2448 1014 2521 scripsisti,

219 2529 267 2600 qui
285 2530 353 2586 nrels
374 2530 503 2602 ignoratis
515 2532 572 2589 sive
590 2535 736 2606 neglectis,
751 2528 801 2595 viee
820 2540 940 2613 utrisque
953 2540 1016 2600 dili-

219 2630 315 2692 genter
329 2623 473 2695 inspectis,
487 2634 531 2681 tua
546 2628 604 2683 sola
628 2627 720 2702 legere
732 2647 764 2689 ac
778 2648 857 2691 nesse
868 2646 1013 2707 curarent;

219 2726 270 2767 nec
283 2711 383 2769 dixisse
397 2730 441 2771 me
453 2716 609 2787 crederent,
623 2719 674 2776 nisi
688 2722 760 2793 quod
774 2740 789 2778 a
804 2734 831 2782 te
847 2741 1013 2786 commemo-

217 2811 321 2873 ratuni,
338 2814 463 2879 tanquam
476 2811 511 2867 de
533 2812 617 2882 meis,
633 2815 661 2870 in
675 2817 728 2873 tuis
741 2817 837 2877 litteris
851 2822 1012 2882 invenirent.

217 2892 285 2951 ilinc
302 2896 374 2953 enim
387 2897 485 2955 iactum
508 2917 569 2959 esse
583 2903 678 2974 video,
694 2916 723 2963 ιιι
734 2910 795 2981 quia
810 2926 860 2984 ego
873 2913 1011 2986 dixeram,

120 3015 126 3031 ι
220 3004 231 3040 ι
243 2985 299 3043 Cur
312 2990 383 3045 enim
398 3006 451 3048 non
464 2994 606 3053 credamus
617 2997 699 3055 ιιειιιιι
713 3004 832 3073 potuisse
844 3005 871 3062 in
885 3009 1012 3079 paradiso

215 3080 363 3139 concedere
374 3082 475 3141 bomini
490 3087 569 3144 beato
580 3089 615 3147 de
626 3106 676 3147 suo
687 3095 799 3161 semine,
816 3099 1012 3169 quodeonces-

216 3189 277 3232 sum
290 3176 413 3235 videmus
426 3180 551 3252 agricolis
565 3182 599 3240 de
612 3184 693 3242 tritici
708 3189 828 3258 semim,
843 3200 872 3248 ιιι
884 3208 918 3249 eo
931 3195 1011 3253 modo

214 3266 278 3324 illud
298 3280 435 3329 sereretur
454 3273 514 3331 sine
535 3274 590 3332 ulla
612 3278 736 3350 pudenda
756 3282 908 3340 libidincts
926 3296 954 3341 ιιι
969 3287 1011 3345 llis

215 3361 306 3419 verbis
317 3365 387 3421 meis
400 3366 474 3424 velut
486 3370 670 3441 respondens,
691 3382 736 3429 tna
750 3376 902 3449 vaniloquia
916 3379 1011 3438 dilata·

214 3468 269 3524 res,
285 3470 319 3512 eo
331 3471 416 3529 nsque
437 3475 595 3532 progressus
606 3471 635 3520 et
646 3465 774 3538 diffusus,
796 3479 823 3525 ιιι
837 3486 880 3528 me
892 3475 1010 3532 sensisse

211 3543 337 3616 jactares,
354 3565 365 3602 ι
378 3549 400 3606 si
413 3565 468 3607 non
482 3565 621 3624 peeoasset
635 3557 737 3629 Adam,
750 3559 790 3616 sic
809 3566 928 3634 potuisse
947 3583 1008 3622 mu·

213 3636 308 3695 lierem
321 3640 355 3696 ati
375 3640 566 3703 ιεειιιιιιιιιειιι
580 3649 687 3720 parari,
713 3649 783 3709 lorte
805 3660 833 3709 ut
853 3670 901 3726 per
914 3673 1009 3718 omnes

212 3732 350 3802 articulos,
361 3750 394 3792 ae
404 3751 452 3807 per
462 3739 579 3796 minutas
588 3756 732 3814 corporum
744 3745 859 3814 listulas,
875 3767 942 3823 quas
951 3767 1009 3809 me-

212 3822 264 3880 dici
279 3840 359 3896 poros
371 3840 477 3897 vocant,
492 3832 574 3904 spicae
588 3847 762 3908 erumperent
776 3839 909 3914 liliorum,
928 3854 1008 3917 atque

212 3915 256 3970 illa
270 3918 393 3975 omnibus
409 3921 469 3977 laeta
483 3925 622 3994 partibus,
636 3936 728 3998 partus
741 3945 790 4001 pro
809 3933 938 4003 pediculis
960 3953 1008 3994 ex-

211 4010 331 4078 sudaret,
342 4030 353 4064 ι
365 4021 393 4070 ει
404 4024 501 4072 eetera
513 4032 574 4088 quae
587 4033 799 4081 commemorare
808 4041 853 4082 me
870 4028 966 4098 taedet,
979 4039 1007 4088 te

210 4111 367 4161 autemnon
382 4105 477 4177 puduit
491 4123 629 4181 aggerare.
650 4113 790 4186 inquibus
806 4120 887 4175 etiam
901 4121 935 4177 dc
950 4124 1006 4180 viro

211 4193 312 4264 dixisti,
325 4197 396 4268 quod
411 4215 422 4251 t
436 4198 592 4258 admoveret
604 4205 730 4262 nimirum
744 4223 798 4265 non
812 4211 942 4281 membra,
956 4215 1006 4271 sed

103 4309 113 4320 «
210 4287 382 4360 ferramenta,
395 4299 424 4348 et
432 4279 699 4364 genitaliom'vacuus
709 4299 873 4372 imprimeret
883 4319 1005 4366 vomeres

210 4388 238 4437 et
256 4381 367 4453 ligones.
383 4402 393 4436 ι
411 4382 475 4441 liec
488 4396 562 4442 certe
581 4397 662 4460 atque
684 4391 835 4462 hujusmodi
850 4396 928 4468 (que
942 4415 1004 4458 cum

211 4472 265 4541 tui,
280 4487 333 4530 non
348 4475 509 4549 quicumque
521 4479 656 4554 lectores,
671 4483 880 4547 sed-dilectores
894 4491 1002 4564 legunt,

210 4577 260 4634 pro
271 4575 315 4633 te,
330 4567 352 4622 si
367 4567 436 4624 ullus
455 4569 483 4625 in
503 4571 543 4627 eis
557 4571 690 4630 bemanus
706 4590 803 4635 sensus
823 4590 882 4649 cst,
902 4586 1002 4643 erube-

211 4657 310 4729 scunt),
325 4661 454 4731 numquid
469 4678 528 4719 mea
542 4666 622 4723 verba
635 4671 738 4738 garrire
752 4681 778 4729 te
791 4675 926 4748 sinerent,
940 4697 1001 4752 quae

208 4761 264 4803 ιιοιι
275 4747 312 4804 ob
325 4749 396 4805 aliud
408 4755 559 4822 praeteriisti
573 4764 654 4830 atque
666 4765 791 4836 tacuisti,
807 4769 858 4826 nisi
870 4778 900 4826 ιιι
913 4773 960 4830 tibi
974 4775 1002 4831 ln

208 4841 269 4897 istis
282 4842 377 4900 latiora
391 4845 522 4905 delirandi
543 4853 628 4923 spatia
649 4861 833 4929 properares?
852 4865 908 4938 Ego
929 4869 1000 4925 enim

207 4933 281 5003 diri,
300 4936 354 4992 seri
377 4936 513 4998 bominem
535 4945 668 5016 potuisse,
687 4949 721 5006 ad
736 4953 881 5012 voluntatis
904 4971 998 5018 nutum

207 5028 336 5084 membris
349 5030 559 5103 obsequentibus
572 5040 732 5110 genitalibus
746 5064 754 5099 ε
774 5055 804 5103 tu
818 5058 908 5106 autem
921 5055 998 5124 geni-

208 5121 269 5178 talia
284 5124 405 5181 membra
417 5127 541 5198 tacuisti,
563 5139 592 5187 ut
603 5134 720 5208 ires-per
731 5140 851 5199 mulieris
872 5145 998 5204 articulos

206 5221 236 5270 et
247 5215 440 5274 minutissimas
451 5218 554 5278 listulas
567 5221 636 5282 bllos
650 5242 698 5298 per
712 5234 832 5302 eorporis
844 5249 926 5306 poros
940 5247 998 5295 tan-

206 5322 286 5379 quam
300 5311 438 5381 pedieulos
450 5316 616 5398 exsudantis,
629 5329 657 5377 et
670 5337 719 5394 per
734 5327 872 5384 oculorum
886 5334 998 5402 pupulas

206 5403 326 5461 recture
336 5419 517 5481 mmcquente
528 5413 668 5484 parientis.
682 5415 810 5489 ltembra,
822 5420 941 5494 inquam,
951 5439 999 5497 ge·

206 5493 299 5554 nitriis
310 5500 425 5570 tacuisti,
439 5506 515 5576 quasi
526 5521 576 5564 nos
590 5523 632 5574 ee,
644 5509 665 5566 si
679 5509 765 5569 Adam
777 5528 832 5572 non
847 5528 995 5590 peccasset,

203 5583 493 5655 lamentabilibus
513 5599 682 5674 diceremus;
705 5613 735 5661 ιιι
754 5621 848 5677 posses
866 5611 995 5686 ridicula,

204 5721 292 5837 aas
307 5725 538 5800 eddsmorerbo,
559 5735 658 5804 otene,
672 5750 808 5812 pergerem
821 5743 996 5812 sttbstlmm,

236 5848 337 5917 'me
347 5860 508 5919 tlroetttiertt.

1328 624 1451 672 vomeres
1470 626 1497 673 et
1511 619 1614 693 ligones
1630 624 1744 685 leundas
1766 636 1876 708 eortiugi

1084 685 1259 759 imprimeret.
1274 716 1284 750 ι
1300 698 1433 775 Numquid
1447 707 1480 764 de
1490 726 1602 770 numero
1612 719 1723 787 questio
1737 732 1789 791 est,
1804 728 1874 797 sigu-

1081 792 1163 850 raque
1177 786 1375 862 membrorum3

1080 880 1142 927 sent
1153 872 1179 929 io
1192 876 1260 936 locis
1274 882 1330 939 suis
1344 886 1415 943 salva
1428 899 1457 946 ct
1475 892 1593 969 integra,
1609 916 1660 957 nec
1671 903 1790 977 indigere
1805 910 1875 967 inci-

1081 967 1199 1022 tamento
1209 967 1335 1043 libidinis,
1349 984 1377 1033 ει
1389 981 1489 1040 ιειιιιε
1500 986 1615 1058 imperio
1628 994 1791 1056 voluntatis?
1805 1000 1875 1069 Quae

1080 1053 1167 1113 ltleoa
1182 1076 1226 1117 me
1239 1079 1445 1129 commemorata
1456 1091 1668 1143 commemorare
1678 1089 1797 1161 noluisti,
1809 1108 1875 1151 cum

1079 1148 1159 1205 verba
1174 1168 1233 1211 mea
1249 1171 1375 1230 poneres,
1392 1182 1426 1223 ne
1440 1168 1575 1229 silentium
1590 1176 1636 1233 tibi
1658 1178 1829 1256 imponeres,
1845 1196 1875 1245 et

1078 1238 1112 1294 ad
1126 1241 1170 1297 illa
1182 1259 1243 1317 quae
1261 1248 1295 1306 de
1309 1252 1370 1311 tiliis
1384 1272 1432 1327 per
1445 1269 1528 1319 totum
1543 1280 1640 1338 corpus
1653 1279 1777 1344 tanquam
1793 1276 1875 1349 pedi·

1077 1330 1143 1387 culis
1163 1342 1380 1411 erumpentibus,
1402 1349 1482 1407 etde
1502 1354 1671 1417 ferramentis
1691 1365 1873 1435 agricolarum

1076 1422 1110 1479 ad
1123 1426 1335 1503 impraegnandas
1349 1439 1460 1501 laminas
1471 1446 1640 1522 adhibendis,
1656 1471 1717 1528 quae
1731 1459 1778 1518 tibi
1791 1460 1874 1522 lesti-

1075 1514 1184 1574 vissima
1206 1522 1347 1585 dicacitate
1367 1546 1463 1593 sonare
1484 1540 1653 1617 videbantur,
1676 1564 1738 1607 cum
1750 1555 1872 1615 vanitate

1075 1605 1241 1679 ineptissima
1255 1616 1416 1693 dicerentur,
1432 1642 1463 1685 os
1477 1634 1582 1699 aperire
1596 1652 1650 1694 non
1669 1654 1773 1712 posses.
1790 1644 1871 1705 ilrrde

1074 1712 1126 1755 nec
1135 1700 1200 1759 illud
1213 1722 1313 1778 meum,
1327 1714 1398 1784 qnod
1409 1718 1436 1773 in
1451 1722 1545 1779 eodem
1556 1725 1628 1797 loeo,
1643 1746 1723 1803 quent
1737 1736 1811 1793 velut
1823 1754 1871 1796 re·

1073 1790 1256 1863 darguendum
1270 1817 1444 1879 susceperas,
1464 1813 1497 1871 de
1510 1822 1713 1887 parturientium
1728 1826 1870 1890 doloribus

1073 1887 1166 1955 posui,
1182 1896 1281 1961 putasti
1294 1912 1354 1955 esse
1367 1907 1539 1976 tangendum.
1556 1912 1585 1969 st
1600 1916 1671 1973 enim
1686 1918 1793 1979 lemine
1805 1925 1870 1985 sine

1072 1980 1255 2048 parturitionis
1267 1991 1428 2052 cruciatibus
1440 2011 1580 2073 parerent,
1595 2017 1660 2077 puto
1673 2011 1744 2081 quod
1758 2030 1812 2073 non
1824 2018 1870 2076 eis

1071 2075 1192 2132 membra
1205 2079 1213 2111 ¹
1225 2082 1361 2155 genitalia,
1374 2090 1423 2147 sed
1436 2100 1566 2153 tormenta
1579 2103 1693 2170 pcetralia
1704 2106 1870 2171 defuissent.

1071 2163 1155 2223 Porro
1164 2168 1300 2243 Scriptura
1311 2178 1398 2237 divina
1411 2181 1493 2257 (quod
1502 2203 1597 2249 omnes
1607 2198 1652 2266 qui
1663 2197 1753 2271 legunt
1761 2203 1866 2279 sciunt)

1070 2258 1104 2313 de
1117 2274 1227 2330 peccato
1240 2265 1303 2324 Evae
1318 2270 1369 2329 lroe
1384 2281 1509 2337 tormenti
1522 2297 1607 2355 gertus
1618 2286 1646 2343 in
1659 2288 1802 2351 lemineum
1814 2312 1868 2369 ge-

1069 2364 1121 2407 nus
1136 2358 1263 2416 transisse
1284 2372 1396 2423 testatur
1409 2369 1486 2440 (Gen.
1500 2390 1548 2445 ιιι,
1569 2378 1624 2451 ts).
1645 2381 1702 2439 lloc
1714 2394 1742 2443 ιιι
1754 2386 1781 2444 ιιι
1794 2391 1867 2448 meis

1068 2446 1158 2504 verbis
1173 2454 1309 2520 preterire
1322 2474 1400 2529 quam
1417 2475 1579 2535 pertractare
1592 2475 1723 2548 maluisti,
1739 2496 1773 2537 ne
1788 2482 1867 2542 diee-

1068 2547 1144 2596 retur
1160 2542 1221 2614 tibi,
1245 2547 1281 2605 ita
1294 2552 1377 2610 salvis
1396 2565 1476 2631 atque
1497 2562 1607 2637 integris
1621 2572 1758 2645 utriusque
1778 2590 1865 2637 sexus

1066 2634 1227 2705 genitalibus
1240 2642 1266 2698 in
1279 2642 1323 2701 illa
1338 2647 1463 2709 felicitate
1475 2659 1592 2727 paradisi
1604 2666 1723 2734 potuisse
1735 2670 1794 2729 sine
1806 2689 1864 2745 pn·

1066 2726 1154 2787 denda
1172 2733 1280 2793 libidine
1293 2744 1472 2803 concumbere
1486 2750 1497 2781 ¹
1512 2752 1655 2827 conjuges,
1678 2760 1748 2819 sicut
1761 2776 1862 2836 potue·

1065 2834 1128 2879 ιιιιιι
1141 2828 1222 2885 salvis
1235 2837 1316 2902 atque
1330 2834 1440 2909 integris
1455 2838 1577 2903 femineis
1589 2829 1749 2921 genitalibus
1764 2872 1864 2929 parere

1066 2914 1124 2973 sine
1136 2923 1268 2990 gemendo
1280 2924 1291 2957 ⁸
1305 2926 1399 2986 dolore
1412 2933 1548 2993 mulieres.
1569 2938 1623 2998 Sed
1637 2959 1685 3002 vos
1697 2962 1750 3005 non
1769 2952 1863 3011 solum

1064 3010 1198 3069 cruciatus
1210 3024 1237 3071 et
1250 3020 1364 3089 gemitus
1373 3026 1544 3099 parientium,
1555 3047 1648 3091 verum
1660 3038 1740 3095 etlam
1751 3042 1862 3103 labores

1063 3101 1130 3158 alios
1143 3120 1330 3184 aerumnasque
1343 3119 1505 3187 mortalium,
1524 3138 1577 3181 non
1591 3140 1606 3180 a
1621 3136 1741 3202 tempore
1753 3135 1861 3196 arbitrii

1064 3197 1140 3256 liberi
1154 3215 1262 3270 eorem,
1279 3207 1327 3263 sed
1346 3223 1361 3264 a
1377 3210 1421 3268 dle
1440 3216 1527 3274 exitus
1547 3219 1686 3282 daventre
1699 3231 1792 3288 matris
1808 3247 1860 3290 eo·

1062 3303 1133 3360 rum,
1145 3295 1270 3354 mavultis
1280 3298 1306 3354 in
1318 3300 1378 3358 loco
1389 3311 1470 3362 tantae
1480 3309 1550 3368 illius
1558 3311 1731 3378 beatitudinis
1743 3337 1859 3397 ponere,

1062 3397 1141 3452 quam
1155 3387 1305 3456 pudendam
1324 3406 1476 3469 susceptam
1492 3401 1606 3464 vestram
1627 3409 1686 3482 ipso
1707 3413 1743 3470 ibi
1758 3418 1858 3476 saltem

1062 3476 1165 3547 pudore
1183 3495 1236 3538 non
1259 3499 1369 3555 ponere.
1394 3490 1430 3548 lit
1453 3501 1543 3554 tamen
1563 3501 1608 3571 qui
1632 3519 1714 3576 neges
1728 3507 1755 3580 in
1775 3509 1859 3569 istam

1061 3573 1249 3633 mortalitatem
1262 3591 1323 3650 post
1336 3595 1473 3652 peecatum
1482 3601 1609 3650 ιιιιιιιιιιιι
1619 3595 1700 3656 luisse
1713 3610 1858 3676 natumm;

1060 3660 1157 3722 lateris
1179 3678 1241 3738 post
1267 3674 1392 3734 meritum
1419 3679 1497 3737 bone
1521 3685 1666 3746 voluntatis
1690 3692 1717 3747 in
1741 3694 1858 3766 gloriam

1060 3754 1146 3814 beatae
1157 3758 1366 3824 immortalitatis
1378 3783 1439 3827 esse
1452 3777 1616 3833 mutandam.
1632 3780 1660 3836 ln
1673 3783 1750 3855 cujus
1761 3788 1858 3858 gloriae

1060 3861 1187 3908 cacumen
1202 3857 1322 3928 parvuli,
1338 3861 1409 3932 quod
1424 3879 1477 3920 non
1493 3871 1603 3938 potestis
1616 3888 1734 3946 negare,
1749 3881 1858 3940 meritis

1060 3956 1114 3998 non
1132 3961 1202 4014 soce,
1227 3950 1273 4008 sed
1296 3952 1390 4012 alienae
1412 3959 1555 4020 voluntatis
1574 3968 1761 4040 ascendunt‘3
1783 3989 1857 4045 qnos

1059 4046 1113 4089 non
1135 4038 1217 4096 vultis
1237 4043 1347 4102 credere
1367 4050 1470 4107 meritis
1490 4054 1568 4112 male
1581 4059 1726 4119 voluntatis
1738 4063 1854 4137 alienae,

1059 4126 1106 4182 sed
1121 4137 1207 4187 ιιιιιειι
1223 4133 1281 4204 ejus
1294 4137 1320 4192 in
1335 4139 1412 4211 cnjus
1426 4141 1524 4202 lumbis
1543 4149 1648 4208 ratione
1661 4156 1770 4212 seminis
1789 4155 1854 4216 iue-

1058 4231 1138 4293 runt,
1152 4225 1186 4283 ad
1200 4227 1329 4298 profunda
1345 4235 1512 4297 miseriarum
1527 4257 1594 4314 quas
1613 4247 1752 4318 stetimus,
1767 4250 1856 4312 luisse

1058 4315 1185 4389 dejectos.

1093 4411 1163 4468 xli.
1177 4414 1236 4471 lut.
1250 4416 1302 4478 Sed
1311 4419 1366 4492 jam
1380 4439 1521 4497 pergamus
1533 4431 1566 4487 ad
1579 4433 1691 4507 reliqua.
1704 4437 1852 4512 Postquam

1057 4518 1122 4576 ergo
1145 4506 1275 4576 serane,
1296 4513 1403 4584 quoda
1428 4535 1471 4577 me
1493 4525 1606 4592 positum
1633 4527 1734 4601 iuerat,
1754 4531 1854 4592 vitavit

1057 4597 1226 4670 exemplunm
1240 4615 1352 4662 conatus
1363 4615 1405 4665 est
1415 4624 1547 4684 asserere,
1562 4617 1716 4678 Abimeleclr
1729 4637 1852 4696 quoque,

1055 4691 1102 4763 qui
1116 4704 1209 4752 orante
1221 4697 1356 4756 aeratam
1370 4701 1391 4768 ¹,
1406 4717 1467 4760 eum
1481 4708 1637 4770 mulieribus
1649 4715 1705 4772 suis
1721 4725 1852 4792 sanatus,

1055 4783 1180 4856 retertur,
1196 4797 1227 4845 ot
1244 4789 1279 4846 ad
1297 4795 1477 4864 generationis
1490 4813 1617 4871 operam,
1631 4819 1647 4861 a
1661 4822 1713 4879 qua
1726 4823 1774 4880 per
1789 4811 1852 4882 pla-

1053 4892 1114 4951 gam
1126 4891 1186 4938 erat
1197 4899 1363 4958 suspensus,
1379 4902 1470 4960 posset
1481 4895 1589 4966 redire,
1605 4914 1658 4957 non
1681 4901 1852 4966 detractione

1055 4972 1187 5043 libidinis,
1203 4977 1250 5034 sed
1268 4976 1360 5037 dolore
1373 4983 1463 5055 aliquo
1476 5000 1556 5058 posse
1569 4989 1681 5065 intelligi
1702 4996 1851 5058 mulierum

1054 5068 1158 5124 vulvam
1178 5070 1260 5130 luisse
1272 5073 1426 5132 conclusum
1437 5075 1488 5150 (lte
1501 5077 1621 5154 Nuptiis,
1634 5084 1680 5141 te.
1695 5086 1722 5156 ι,
1735 5105 1762 5144 ιι.
1777 5088 1826 5162 50)
1841 5110 1850 5148 :

1053 5163 1129 5233 quasi
1143 5177 1158 5219 a
1171 5165 1248 5222 nobis
1263 5179 1426 5226 assereretur
1437 5171 1583 5244 impendio,
1597 5187 1627 5234 ut
1639 5181 1770 5251 appetitus
1783 5183 1825 5239 eis
1838 5185 1852 5218 ⁸

1052 5256 1182 5312 naturalis
1203 5257 1322 5316 redditus
1347 5258 1502 5322 videretur:
1527 5281 1589 5324 eum
1612 5284 1663 5342 ego
1684 5273 1851 5334 tedmoniis

1083 5438 1093 5470 ¹
1109 5437 1147 5488 sic
1157 5445 1210 5490 lass.
1224 5445 1248 5490 ln
1260 5441 1339 5505 vigo,
1350 5443 1473 5498 menime.

1083 5499 1250 5563 'viguierius
1263 5503 1313 5556 site
1339 5507 1454 5571 pudenda
1475 5507 1573 5566 libidine
1597 5515 1847 5588 mugatotuimo,

1051 5560 1215 5624 manutere,
1228 5565 1547 5629 quodverbumrssutultur
1556 5589 1589 5628 ex
1598 5581 1776 5646 nnnuseriptis.

1084 5621 1094 5653 ³
1110 5629 1187 5686 Forte,
1200 5629 1357 5690 quasimodo.

1082 5682 1094 5715 ⁸
1109 5686 1145 5735 sie
1157 5694 1209 5738 ltss.
1222 5695 1252 5738 tlt
1262 5691 1342 5752 rign..
1352 5695 1517 5749 exarderent.

1049 5747 1239 5884 mgnffiffigs
1247 5753 1337 5806 οιιιιιιιι
1346 5767 1445 5820 mmm,
1454 5757 1582 5830 ιιιιιιιιιι,
1589 5764 1654 5832 mot
1663 5767 1800 5828 ιιιιιιιιιι
1809 5784 1849 5838 er

1084 5873 1095 5908 t
1111 5873 1258 5938 vigmetim,
1268 5886 1329 5940 ete.
1341 5885 1370 5937 tt
1384 5885 1450 5950 ltu,
1461 5879 1506 5942 ιιι.
