4009 6375
271 418 343 488 rtsn
608 420 733 481 onsms
750 418 957 480 ιιιιειιιεειι
974 410 1110 478 comm
1130 406 1311 489 ιιιιιιιιιιιι,
1331 418 1360 478 ε.
1380 410 1569 479 cucusum
1718 444 1720 449 ,
1851 418 1924 487 raso

270 544 405 621 quomedo
423 542 497 601 dicas
519 549 640 597 naturam
657 539 737 608 mali,
757 540 803 612 qui
824 538 923 595 malum
947 538 1069 595 naturale
1123 544 1228 593 coristat
1243 534 1405 608 ingenitum,
1420 551 1472 591 non
1482 534 1655 593 conuincitin
1669 548 1763 595 natura
1777 554 1840 597 esse
1855 556 1923 613 pec-

270 655 323 697 non
337 636 419 705 dicis;
432 644 478 693 aut
496 634 630 708 quomodo
644 636 743 690 malum
758 633 880 689 naturale
900 648 954 689 non
973 631 1067 701 diens,
1122 639 1221 701 catum
1237 631 1285 688 sed
1297 646 1326 687 se
1341 631 1457 689 ostendit
1470 646 1516 702 per
1529 631 1690 704 pravitatem
1702 630 1794 705 judicii
1805 634 1815 666 ¹
1828 634 1922 691 crinsi-

269 732 315 805 qui
333 742 456 787 naturam
470 728 533 785 mali
548 728 626 784 dicis.
640 727 709 796 Quid
723 736 813 783 autem
824 726 919 783 vanius
933 724 1067 782 definitio·
1122 738 1228 780 nosum.
1244 722 1314 780 Ecce
1328 738 1485 793 responsum
1504 732 1562 791 est,
1577 722 1610 779 ad
1630 723 1702 795 quod
1715 734 1742 780 tu
1762 726 1922 797 responderi

269 822 348 881 ssibus
360 820 429 889 tuis,
443 822 489 894 qui
504 830 646 892 propterca
657 830 733 891 putas
752 835 805 877 sion
819 834 879 874 esse
891 818 1067 891 quaerendum
1122 832 1176 874 nors
1191 832 1270 887 posse
1286 816 1425 873 credebas.
1439 815 1572 888 oxymora
1596 812 1635 889 (a)
1656 832 1765 887 prorsus
1776 815 1829 874 luit
1847 834 1924 891 qun-

268 916 340 973 unde
361 914 396 973 sit
409 914 551 981 voluntas,
577 912 638 985 quia
660 920 748 968 motus
772 919 815 967 est
833 910 932 979 aninni,
955 918 1068 981 cogente
1122 910 1193 980 stio,
1207 926 1287 983 qmns
1301 910 1627 968 tuarbitrnrisinrictam.

270 1008 363 1065 nullol
376 1007 405 1064 Si
422 1007 494 1064 enim
513 988 633 1074 dtea'm,
647 1013 677 1061 ut
687 1012 784 1076 putas,
799 1002 870 1060 unde
882 1002 933 1071 sit;
949 1017 1002 1057 non
1017 1002 1068 1057 crit
1158 1004 1225 1061 duc.
1246 1002 1370 1059 Exsultas
1384 1002 1506 1071 inaniter,
1521 1012 1548 1059 ει
1557 1004 1634 1071 dicis,
1651 1022 1661 1056 ι
1675 1002 1745 1059 Εεεε
1755 1017 1921 1075 responsum

269 1117 364 1158 uerum
382 1100 453 1172 quod
474 1099 574 1156 dictum
595 1105 655 1165 est,
677 1107 780 1170 cogente
800 1095 872 1151 nullo
892 1094 982 1166 :quia
1002 1093 1067 1150 illud
1122 1106 1187 1153 est:
1207 1116 1217 1151 ι
1234 1096 1280 1153 ubi
1294 1106 1319 1153 te
1338 1096 1568 1168 responderenon
1584 1098 1703 1171 potuisse
1716 1114 1778 1154 mox
1798 1096 1922 1164 inuenit,

270 1194 343 1249 unde
357 1203 413 1260 εει,
426 1208 486 1248 eam
497 1191 570 1263 cogit
582 1206 660 1257 εεεε;
674 1198 702 1246 ει
712 1189 772 1246 ideo
783 1205 836 1245 non
847 1197 889 1245 εει
902 1187 1026 1244 alicunde
1039 1187 1066 1255 ¹,
1120 1189 1282 1261 quicumque
1293 1200 1387 1247 acutus
1399 1190 1463 1261 legit
1475 1188 1533 1247 brec
1546 1198 1602 1259 tua,
1617 1190 1659 1247 vel
1671 1205 1727 1246 non
1740 1190 1853 1247 multum
1868 1200 1923 1246 tar·

270 1301 304 1341 ne
323 1293 434 1357 cogatur
454 1281 562 1341 esse.0
580 1282 721 1340 stultitiam
741 1281 923 1354 singulareml
945 1280 1004 1337 Non
1026 1288 1069 1337 est
1120 1278 1170 1337 dus
1183 1290 1210 1338 ει
1223 1296 1292 1337 ntea.
1306 1281 1476 1351 Quantalibet
1484 1283 1554 1338 enim
1569 1282 1752 1355 perplexitate,
1766 1297 1819 1341 nott
1828 1283 1922 1354 impli-

271 1392 335 1447 ergo
357 1375 482 1433 alicunde
493 1375 552 1446 ipse
562 1374 661 1443 bomo,
676 1374 722 1447 qui
739 1389 793 1431 non
805 1382 849 1431 est
866 1383 976 1430 coactus
988 1387 1066 1438 esse;
1120 1384 1179 1431 cata
1200 1373 1348 1445 explicare,
1372 1374 1419 1431 scd
1443 1383 1536 1446 aperta
1557 1373 1695 1446 implicare
1718 1375 1845 1441 coneris;
1862 1376 1922 1431 sani

269 1469 332 1540 quia
347 1483 401 1525 ιιοιι
412 1477 470 1525 erat
483 1466 530 1539 spui
538 1475 689 1539 cogeretur,
704 1475 849 1537 antequam
858 1474 940 1523 esset.
954 1464 1068 1522 Prorsus
1120 1481 1220 1539 negare
1239 1481 1293 1523 non
1308 1475 1430 1538 possunt,
1451 1468 1515 1523 oriri
1529 1466 1564 1523 ab
1579 1482 1740 1539 unoquoque
1754 1467 1923 1523 uoluntatem

270 1567 299 1617 ει
313 1559 437 1616 alicunde
449 1568 492 1616 est
505 1559 649 1629 voluntas,
665 1566 694 1627 ει
713 1572 775 1615 esse
788 1574 842 1613 ιιοιι
860 1557 982 1629 cogitur;
996 1565 1025 1615 et
1045 1556 1067 1613 si
1119 1572 1206 1625 suam,
1222 1572 1271 1614 nec
1295 1558 1346 1613 nisi
1360 1558 1394 1613 ab
1407 1558 1515 1615 tremine
1527 1557 1592 1615 oriri
1605 1556 1721 1615 bominis
1740 1558 1922 1617 uoluntatem.

270 1653 330 1725 ejus
344 1653 419 1725 origo
430 1652 576 1725 querenda
590 1659 708 1722 nonest,
720 1650 999 1724 nonideoquaerenda
1014 1666 1068 1709 non
1120 1642 1408 1721 Asperlro'cquouiam
1416 1650 1484 1705 mala
1493 1650 1629 1705 bominum
1639 1649 1925 1707 malauoluntateesse

270 1753 323 1813 εει,
338 1744 409 1816 quod
423 1744 548 1801 uoluntas
561 1743 685 1801 alicunde
706 1758 759 1800 non
772 1743 828 1812 sit,
843 1744 965 1816 sedqnia
980 1743 1067 1800 mani·
1120 1750 1269 1813 creperum,
1292 1749 1319 1799 et
1340 1750 1403 1799 ente
1423 1741 1586 1798 uoluntatem
1599 1740 1696 1798 malam
1718 1740 1819 1798 seimus
1836 1739 1924 1798 luisse

159 1881 164 1890 .
271 1838 368 1893 lestum
385 1846 428 1893 cst
444 1837 515 1894 unde
528 1836 574 1894 sit.
585 1836 627 1893 bb
639 1838 686 1893 illo
698 1847 741 1894 est
751 1838 824 1895 euim
837 1838 1069 1909 soleratas,cu1'us
1120 1834 1258 1893 bominum
1273 1842 1396 1891 staturam
1416 1828 1581 1901 bonamrex
1602 1832 1923 1891 bonisortasuntmala.

270 1938 312 1985 est
331 1930 473 1997 soluturam
488 1930 630 2003 abangeio
650 1930 752 1988 scilicet
771 1930 894 1987 voluutas
907 1930 1013 2003 angel,
1034 1929 1068 1987 ab
1120 1926 1178 1984 lloe
1202 1928 1266 1984 dicit
1290 1926 1467 2001 ΛιιιιιιεειιιεςΔ
1491 1926 1553 1984 binc
1576 1926 1715 2000 perimitur
1737 1925 1923 1983 lianicitaeus:

271 2020 380 2077 bomine
394 2020 530 2089 bominis,
548 2036 565 2077 a
579 2022 634 2079 beo
652 2021 711 2079 Dei.
726 2020 763 2078 Et
781 2021 805 2079 si
818 2031 944 2093 operatur
957 2022 1028 2079 bears
1041 2022 1068 2078 in
1121 2018 1174 2075 boc
1187 2035 1235 2090 pro
1246 2018 1392 2075 Matricbaeo
1406 2026 1484 2090 negat
1498 2030 1591 2074 contra
1602 2016 1773 2073 Ambrosium
1787 2016 1924 2087 lulianus,

271 2110 381 2169 bomine
393 2111 560 2169 uoluntatem
571 2112 688 2184 bonam,
700 2112 727 2169 id
739 2114 832 2185 utique
843 2114 915 2187 agit,
927 2123 957 2170 ut
967 2113 1069 2170 oriatur
1121 2112 1224 2182 dicens,
1236 2130 1246 2164 ι
1258 2112 1286 2169 Si
1296 2121 1390 2168 natura
1397 2126 1465 2183 opus
1474 2112 1522 2168 liei
1529 2120 1571 2169 εει
1579 2153 1587 2181 ,
1596 2127 1645 2182 per
1654 2126 1722 2185 opus
1732 2110 1778 2167 liei
1786 2126 1856 2183 opus
1866 2110 1926 2166 dia-

271 2205 306 2261 ab
318 2204 364 2260 ilio
375 2202 445 2261 bona
458 2206 592 2272 uoluntas,
605 2205 683 2278 cuius
695 2215 737 2262 est
748 2206 882 2273 uoluntas;
893 2206 963 2262 sicut
974 2204 1030 2276 agit
1041 2214 1071 2261 ut
1122 2202 1177 2261 boli
1191 2203 1305 2261 transire
1319 2220 1371 2261 non
1387 2204 1503 2273 sinitur;
1521 2223 1532 2257 s
1549 2211 1579 2259 ιιι
1590 2203 1752 2260 ldanicimus
1762 2202 1848 2271 dicat,
1864 2219 1921 2259 non

271 2295 354 2352 homo
369 2296 470 2351 oriatur
487 2297 522 2353 ab
536 2297 645 2353 bomine
665 2312 737 2353 :nou
751 2299 823 2353 enim
836 2297 899 2369 quia
914 2295 985 2353 licus
995 2304 1070 2353 erent
1121 2312 1182 2355 esse
1195 2296 1318 2355 lromines
1332 2314 1399 2371 opus
1412 2298 1479 2367 Dei,
1493 2312 1542 2371 per
1554 2314 1622 2371 quos
1636 2299 1779 2369 Apostolus
1792 2299 1927 2356 transisse

271 2386 424 2456 bonsiuem,
441 2386 502 2443 ideo
515 2404 570 2444 non
588 2387 671 2445 bomo
685 2403 717 2446 ex
733 2387 841 2446 homine
850 2390 980 2446 nascitur.
993 2388 1070 2446 llatae
1122 2390 1185 2446 dicit
1198 2399 1335 2461 peccatum
1346 2400 1373 2447 ct
1382 2399 1497 2448 mortem
1506 2389 1593 2465 (Rene.
1608 2407 1635 2458 u,
1647 2386 1712 2463 ts),
1722 2392 1792 2463 quod
1802 2402 1845 2449 εει
1855 2407 1926 2465 opus

271 2488 362 2535 autem
381 2478 526 2535 uoluntatis
546 2494 603 2536 susc
621 2481 803 2553 unusquisque
817 2491 912 2539 auctor
929 2492 987 2553 est,
1008 2482 1070 2555 quia
1121 2482 1375 2557 diabolisquoniam
1389 2483 1535 2541 secundum
1547 2482 1692 2557 lulianum,
1709 2502 1719 2538 ι
1737 2500 1865 2555 peropus
1877 2485 1928 2541 Dei

272 2573 371 2627 malum
385 2570 451 2627 vult.
466 2571 521 2629 Sed
541 2588 603 2629 curn
617 2574 761 2645 quaeritur,
781 2591 864 2647 quare
884 2576 965 2634 bonno
985 2578 1071 2648 possit
1121 2588 1188 2647 opus
1202 2574 1301 2631 diaboli
1314 2576 1427 2633 transire
1438 2590 1492 2632 non
1505 2575 1619 2642 sinitur;
1638 2594 1648 2629 s
1665 2584 1692 2633 ει
1702 2576 1926 2647 dicitdpnstoius

273 2658 373 2719 babere
386 2662 484 2719 mulam
496 2665 661 2722 uoluntatem
675 2666 798 2738 qualisvis
811 2675 841 2724 ut
851 2666 949 2725 habeat
965 2683 1019 2727 nen
1034 2669 1071 2726 sit
1121 2684 1170 2741 per
1185 2666 1308 2727 irentines
1323 2668 1451 2726 transisse
1473 2684 1541 2740 opus
1563 2668 1681 2737 diaboli;
1696 2684 1750 2727 non
1772 2679 1837 2727 sunt
1858 2685 1928 2743 ergo

272 2772 395 2825 necesse
406 2772 460 2814 neu
474 2758 550 2831 origo
562 2760 691 2833 queritur
702 2762 862 2831 veluntatis,
874 2762 923 2819 sed
936 2762 1012 2835 origo
1026 2763 1069 2836 ip-
1123 2762 1245 2819 homines
1259 2776 1327 2835 epus
1348 2762 1406 2821 ilci.
1428 2762 1566 2819 llanicltaai
1580 2772 1622 2821 est
1643 2763 1694 2821 istn
1707 2762 1858 2833 conclusio,
1874 2780 1927 2821 re·

271 2852 328 2908 sius
341 2851 525 2924 possibilitatis
539 2870 546 2907 :
562 2861 591 2909 et
610 2852 746 2911 invenitur
767 2870 799 2911 ea
817 2869 878 2911 esse
895 2870 993 2924 eausa,
1008 2856 1070 2927 quia
1122 2855 1199 2913 niens
1213 2856 1262 2925 illi,
1284 2853 1398 2923 iuliane,
1421 2855 1456 2913 de
1476 2855 1610 2928 adiutorio
1623 2866 1679 2913 tue.
1704 2856 1758 2914 Sed
1772 2855 1926 2927 Apostolus

272 2946 322 3003 etsi
340 2960 464 3019 magnum
476 2945 577 3003 bonnm
598 2956 641 3003 εει
651 2946 790 3003 rationalis
801 2955 924 3005 creatura
935 2990 945 3016 ,
958 2963 1013 3005 non
1028 2956 1070 3005 ta·
1122 2963 1171 3020 pro
1185 2948 1298 3005 veritate
1320 2948 1471 3018 decertans,
1494 2956 1522 3007 ει
1546 2948 1669 3007 homines
1679 2948 1755 3031 ¹dicit
1774 2964 1835 3007 esse
1853 2964 1928 3023 opus

271 3014 334 3095 iren
348 3045 390 3095 est
402 3036 475 3109 quod
487 3046 530 3093 εει
539 3038 625 3106 Deus,
638 3038 714 3109 cuius
726 3038 810 3097 solius
823 3048 865 3095 est
878 3040 1070 3099 inconvertibi·
1122 3040 1180 3109 Ilei,
1196 3048 1224 3096 ut
1237 3048 1388 3111 prosternat
1407 3040 1602 3109 mannichaeum
1617 3049 1645 3098 ει
1656 3055 1704 3113 per
1715 3054 1783 3113 opus
1794 3040 1855 3108 liei,
1873 3041 1928 3098 ltoe

272 3130 306 3187 lis
318 3130 597 3204 incommutabilisque
610 3141 715 3190 natura.
730 3132 765 3190 Et
778 3132 857 3206 liujus
866 3133 906 3192 rei
915 3148 996 3192 cansa
1009 3148 1070 3192 cum
1122 3141 1172 3202 εει,
1198 3148 1245 3206 per
1258 3132 1381 3190 tronsines
1401 3132 1530 3194 transisse
1549 3149 1618 3207 opus
1631 3134 1740 3206 diaboli,
1756 3144 1786 3193 ut
1798 3150 1863 3193 curn
1878 3136 1927 3193 illo

271 3223 416 3295 quaeritur,
437 3222 489 3279 boc
502 3223 653 3292 instruitur,
671 3225 802 3296 quianon
817 3225 851 3281 dc
871 3240 902 3281 sc
916 3225 994 3298 ipso,
1018 3225 1071 3284 boc
1123 3235 1275 3300 prosternat
1287 3235 1314 3284 et
1329 3234 1355 3284 ιε
1369 3227 1466 3299 ipsum.

272 3322 331 3382 est,
346 3315 380 3372 de
393 3329 443 3371 sua
455 3323 551 3387 qatura
566 3325 649 3388 atque
668 3314 817 3372 substantia
838 3317 946 3389 genuit,
968 3318 1016 3375 sed
1035 3317 1071 3376 de
1158 3318 1325 3378 strutus.
1346 3319 1411 3376 illud
1427 3328 1514 3378 tamen
1527 3320 1672 3392 admoneo,
1692 3321 1779 3380 solere
1795 3324 1883 3382 etiam
1898 3334 1928 3382 te

271 3405 374 3472 nibile,
389 3405 442 3464 boc
450 3416 506 3474 est,
524 3407 920 3465 denullareieeitbaecbeus.
936 3407 1069 3482 Nonquia
1122 3412 1148 3470 in
1169 3412 1276 3484 scriptis
1290 3414 1342 3470 tuis
1364 3415 1487 3473 tenebras
1509 3429 1562 3471 non
1581 3415 1673 3474 dicere
1694 3427 1858 3488 ereaturam,
1875 3419 1928 3478 sed

272 3498 338 3555 nibil
354 3496 647 3570 babetaliquamuim;
660 3499 1069 3574 sienimlsaberet,nonniltil,
1121 3508 1242 3565 absentia
1268 3506 1375 3564 luminis
1397 3522 1538 3566 rensanere
1564 3509 1775 3580 obscuritatem
1797 3521 1827 3567 ut
1853 3513 1928 3570 nilsii

190 3615 193 3618 ⁴
272 3589 321 3648 sed
335 3589 435 3662 aliquid
449 3601 541 3648 esset:
555 3589 604 3648 sed
618 3591 679 3664 quia
694 3591 746 3648 boe
765 3593 831 3648 cst¹
849 3593 946 3666 cuique
967 3603 1070 3652 naturae
1121 3601 1193 3658 aliud
1218 3602 1255 3659 sit
1276 3603 1479 3674 obtenebratio,
1505 3619 1584 3676 quam
1613 3605 1766 3678 splendoris
1788 3608 1927 3667 exclusio.

272 3684 307 3742 de
321 3683 406 3741 nibilo
417 3683 515 3742 laeum
526 3700 597 3753 esse,
608 3685 680 3756 quod
689 3693 732 3743 εει
744 3694 867 3743 naturam
877 3686 927 3743 Dei
937 3702 1070 3759 ιιοιιεεεε,
1121 3695 1197 3764 Quod
1212 3711 1277 3768 ergo
1288 3696 1448 3767 excluditur,
1462 3706 1612 3756 creaturam
1627 3715 1726 3768 rocas3
1741 3701 1815 3774 qnod
1830 3719 1927 3760 rema-

270 3793 332 3851 qute
350 3778 524 3836 immutabilis
542 3779 598 3836 sota
619 3787 671 3836 est.
690 3777 746 3838 Nec
766 3780 918 3853 eaquaede
938 3782 1071 3856 aliquibus
1122 3797 1178 3856 net,
1195 3789 1319 3847 tenebras
1335 3809 1342 3846 ι
1358 3790 1428 3862 quod
1443 3790 1550 3864 quidem
1571 3793 1707 3865 uulgatum
1720 3810 1737 3850 a
1749 3795 1927 3870 pbilosophis

271 3872 352 3929 rebus
367 3870 436 3929 laeta
455 3879 536 3939 sunt,
556 3871 590 3928 ab
610 3870 662 3927 bac
677 3871 846 3944 excipiuntur
862 3873 965 3946 origine
981 3893 988 3932 ι
1002 3891 1071 3947 quo·
1122 3890 1182 3947 cst;
1197 3897 1247 3939 nec
1269 3897 1340 3939 nunc
1354 3897 1446 3954 quaere
1460 3898 1590 3941 rerumne
1611 3898 1672 3942 esse
1686 3895 1805 3958 putetur,
1820 3902 1857 3943 an
1875 3889 1929 3946 lal-

271 3963 343 4020 niam
358 3979 401 4020 res
423 3979 483 4035 quae
499 3964 535 4020 ita
548 3963 719 4034 factasunt,
734 3976 764 4022 ut
777 3982 811 4023 ex
830 3967 863 4025 iis
876 3968 937 4025 aliae
956 3969 1069 4040 iterent,
1121 3990 1180 4032 sum
1196 3992 1203 4029 ι
1217 3975 1265 4032 sed
1284 3975 1350 4032 illud
1372 3975 1487 4046 inculco,
1504 3975 1628 4034 tenebras
1642 3984 1669 4034 tu
1689 3994 1744 4036 nou
1766 3978 1833 4036 dicis
1860 3997 1928 4040 esse

272 4053 306 4111 de
320 4054 399 4111 nullis
411 4055 577 4112 exstantibus
589 4055 757 4128 iactaesunt,
778 4059 831 4116 bec
842 4069 901 4130 est,
915 4063 1070 4122 omninode
1121 4067 1192 4124 aliud
1212 4083 1291 4139 qnam
1312 4067 1378 4124 nibil
1394 4085 1401 4124 :
1416 4068 1444 4124 in
1459 4068 1566 4128 bomine
1587 4078 1694 4138 autem,
1718 4071 1746 4127 id
1763 4082 1815 4141 est,
1838 4087 1930 4145 opere

272 4147 367 4204 nihilo.
381 4146 478 4204 llutari
488 4155 579 4204 autem
596 4158 709 4220 possunt
720 4165 897 4224 quecumque
908 4153 960 4209 alia
978 4154 1070 4212 diuer-
1122 4158 1170 4216 liei
1184 4159 1282 4214 situlum
1295 4158 1356 4216 ideo
1373 4159 1509 4218 exstitisse
1523 4163 1727 4233 argumentaris,
1748 4163 1810 4234 quia
1830 4163 1868 4222 de
1885 4167 1929 4222 ni-

271 4241 310 4298 sis
324 4248 353 4298 ει
364 4241 479 4313 propriis
494 4241 668 4314 qualitatibus
681 4245 753 4312 suis;
767 4246 905 4302 voluntate
919 4261 995 4314 uero,
1011 4263 1070 4320 quae
1123 4249 1178 4305 bilo
1199 4248 1284 4305 luctus
1305 4259 1364 4306 erat
1384 4269 1391 4307 ι
1412 4265 1520 4308 eausam
1543 4267 1607 4324 ergo
1630 4253 1693 4308 mali
1716 4253 1782 4310 illud
1803 4255 1928 4316 nibilum

271 4337 377 4394 ratione
390 4337 490 4404 utitur,
503 4336 560 4393 sola
572 4345 614 4394 est
632 4337 771 4395 rationalis
788 4348 909 4396 creatura
922 4341 1068 4398 mutabilis.
1121 4339 1206 4400 luisse
1227 4341 1380 4415 confirmas,
1405 4344 1477 4415 quod
1492 4345 1604 4402 nibilum
1620 4347 1742 4404 tenebras
1755 4349 1839 4404 etiam
1854 4367 1926 4422 pro-

272 4430 337 4488 ilaec
347 4430 489 4503 diligenter
498 4439 526 4488 et
541 4430 720 4502 intelligenter
732 4432 852 4503 quisquis
863 4432 987 4498 advertit,
998 4434 1070 4490 mul·
1122 4434 1239 4490 rsusrtias.
1250 4433 1442 4492 Necessitatem
1453 4437 1543 4508 itaque
1556 4439 1620 4494 mali
1629 4437 1663 4495 de
1672 4440 1846 4498 tenebrarum
1855 4442 1929 4502 dicis

275 4535 332 4583 tum
349 4525 420 4582 tede
433 4524 518 4583 abile
531 4525 598 4582 nibil
620 4525 691 4596 qued
710 4524 815 4582 adrem
826 4526 958 4598 pertineat
970 4525 1070 4586 dixisse
1120 4525 1275 4584 conditione
1284 4526 1458 4587 descendere.
1472 4531 1554 4602 igitur
1564 4547 1614 4589 nec
1627 4532 1654 4590 in
1667 4533 1743 4590 hoca
1753 4547 1930 4608 praeceptore

272 4628 427 4694 cognoscet.
1121 4617 1255 4687 dissentis,
1272 4620 1398 4692 quoniam
1412 4623 1575 4681 uoluntatem
1589 4625 1686 4682 malam
1698 4626 1798 4697 pariter
1811 4629 1929 4686 aeternis

307 4710 399 4769 xtttt.
408 4710 468 4768 lus.
479 4712 548 4781 Quid
560 4711 682 4769 estenim
696 4711 807 4779 malum,
820 4710 847 4766 id
856 4719 908 4781 est,
917 4710 1069 4784 peccatum?
1121 4713 1239 4772 tenebris
1250 4712 1395 4794 deputatis.

271 4803 402 4861 Voluntas
414 4803 543 4876 sequendi
556 4805 626 4876 quod
639 4803 741 4874 iustitia
760 4813 846 4869 rotat,
868 4813 897 4860 et
916 4803 987 4862 narde
999 4805 1068 4862 libe·
1156 4808 1223 4868 bus.
1245 4808 1327 4866 Paulo
1350 4809 1478 4881 antelam
1494 4810 1542 4868 tibi
1555 4810 1591 4868 de
1612 4811 1696 4868 nihilo
1714 4812 1782 4869 nibil
1795 4813 1927 4889 dicenti,

270 4914 332 4956 xum
360 4906 402 4956 est
428 4899 571 4957 abstinere.
595 4898 664 4969 Quid
685 4908 727 4956 est
751 4899 808 4970 ipsa
820 4899 962 4956 rotenust
981 4899 1069 4960 lictus
1119 4909 1246 4973 quantum
1261 4911 1353 4974 aperte
1365 4903 1450 4974 potui,
1466 4904 1635 4978 breuiterque
1648 4906 1785 4976 respondi,
1800 4915 1831 4963 et
1845 4925 1927 4966 nunc

271 4993 353 5050 antimi
365 5034 374 5064 ,
388 5001 500 5066 cogente
514 4993 597 5050 nullo.
611 4990 641 5051 st
655 5008 719 5065 ergo
733 5003 870 5065 peccatum
884 5008 918 5050 ex
932 4994 1069 5054 voluntate
1118 4992 1217 5050 trustra
1231 4992 1265 5050 ad
1279 4995 1403 5052 tenebras
1421 4995 1530 5052 uoluisti
1545 4993 1647 5066 lugere.
1670 4995 1728 5054 Nost
1741 4997 1841 5056 latebis
1859 5018 1867 5056 :
1885 5002 1930 5056 lu·

270 5094 363 5143 natum
383 5095 441 5156 est,
465 5085 589 5144 voluntas
607 5101 641 5142 ex
657 5092 732 5141 nsotu
752 5083 834 5140 animi
848 5094 960 5157 cogente
974 5086 1066 5156 nullu;
1119 5101 1180 5144 men
1195 5086 1293 5159 quippe
1307 5094 1334 5144 ιε
1346 5089 1516 5160 persequitur
1529 5087 1659 5156 veritatis,
1676 5089 1711 5144 ita
1724 5089 1819 5146 dicens
1835 5089 1930 5150 iactas

270 5195 321 5240 nec
334 5179 424 5248 nilrili,
439 5194 489 5236 nec
502 5178 670 5235 tenebrarum
685 5176 803 5234 cortditio
823 5175 885 5233 iecit
898 5187 927 5234 ut
939 5187 1013 5234 esset
1023 5177 1068 5236 bic
1119 5194 1152 5236 cx
1167 5179 1251 5235 nittilo
1260 5188 1407 5248 creaturas,
1420 5197 1479 5252 qum
1494 5194 1547 5238 non
1560 5189 1623 5236 suut
1635 5180 1706 5253 quod
1718 5181 1774 5253 ipse
1786 5183 1834 5251 qni
1845 5185 1928 5254 lecit,

270 5285 380 5343 motus,
402 5273 447 5345 qui
470 5271 530 5330 ideo
541 5286 558 5328 a
570 5270 645 5328 nullo
665 5271 786 5344 cogitur,
802 5280 830 5326 nt
848 5272 934 5344 possit
946 5287 1006 5328 esse
1019 5287 1068 5328 co·
1119 5279 1149 5326 ut
1167 5271 1253 5342 ipsum
1274 5270 1341 5326 nibil
1360 5287 1414 5329 non
1434 5271 1600 5329 existimetur
1616 5273 1655 5329 rel
1670 5273 1837 5346 intelligatur
1858 5293 1929 5335 esse

271 5375 351 5440 gente
364 5365 449 5422 nullo.
466 5365 505 5421 dc
516 5378 564 5435 per
575 5362 627 5420 boc
644 5363 747 5420 nullum
759 5371 801 5420 est
812 5363 952 5431 naturale,
965 5363 1067 5420 nrrllum
1119 5361 1228 5433 aliquid,
1241 5376 1293 5419 nec
1311 5361 1344 5418 ad
1359 5361 1509 5420 iacmndum
1523 5363 1624 5421 ltabcrs
1636 5364 1752 5437 aliquam
1766 5365 1843 5432 sinn
1860 5371 1930 5440 quia

270 5459 401 5532 originale
414 5463 552 5529 peceatum
568 5473 574 5510 τ
590 5455 652 5528 quia
666 5455 725 5512 isac
737 5455 790 5513 duo
804 5456 912 5512 nomina
927 5471 1008 5512 unum
1023 5455 1068 5512 in·
1119 5452 1142 5510 si
1165 5453 1284 5522 baberet,
1300 5471 1354 5511 non
1375 5466 1448 5512 esset
1461 5455 1539 5512 nillil.
1563 5456 1604 5513 dc
1623 5472 1672 5530 per
1693 5457 1754 5526 lroc,
1778 5457 1850 5514 nihil
1875 5477 1932 5518 nec

271 5550 371 5621 dicant,
383 5548 409 5605 id
421 5557 477 5617 est,
492 5557 633 5620 peecatum
644 5563 704 5606 esse
716 5563 769 5604 non
782 5547 980 5613 voluntarium;
997 5561 1068 5618 prae·
1118 5559 1216 5616 corpus
1236 5555 1277 5602 est
1298 5545 1392 5614 ulium,
1415 5561 1466 5603 nee
1489 5548 1609 5619 spiritus,
1632 5563 1682 5605 nec
1696 5547 1738 5605 bis
1760 5549 1931 5611 substantiis

270 5641 378 5713 scripsit
398 5649 488 5697 autem
508 5639 623 5706 ueritas,
638 5639 690 5698 nisi
711 5639 888 5695 uoluntarium
910 5653 965 5694 non
988 5653 1067 5710 posse
1118 5636 1217 5708 aliquid
1230 5637 1364 5706 accidens,
1379 5654 1429 5696 nec
1440 5636 1562 5696 iniormis
1575 5640 1628 5698 ulla
1642 5639 1780 5712 materies,
1796 5659 1849 5702 nee
1862 5646 1933 5702 ina-

271 5748 332 5793 esse
353 5742 491 5806 peceatum
507 5742 557 5792 :ct
576 5732 637 5790 ideo
659 5730 706 5805 qui
719 5730 784 5788 dicit
802 5729 902 5787 nsalnm
918 5745 977 5788 esse
995 5731 1067 5803 qued
1119 5731 1161 5789 nis
1182 5733 1267 5802 locus,
1287 5748 1337 5790 nec
1350 5734 1415 5806 ipsas
1428 5733 1558 5804 tenebre,
1571 5733 1619 5793 sed
1633 5749 1745 5808 prorsus
1755 5735 1825 5794 nibil
1837 5755 1846 5794 a
1857 5741 1931 5811 quia

304 5869 313 5901 s
330 5868 367 5920 sse
377 5876 430 5919 nm,
442 5868 557 5932 suumn,
572 5865 679 5918 numne.
1150 5866 1161 5898 ¹
1177 5867 1215 5916 ste
1225 5873 1278 5917 uss.
1289 5865 1349 5916 snltt
1360 5866 1536 5934 uero,iaqeni'c

303 5931 354 5979 ἐ·
390 5925 834 5996 tenmerattqnteener,qrtulec
845 5923 1068 6005 cst;omioeosltc·
1150 5927 1187 5992 (ιι)
1203 5929 1477 6002 augssmere-senones:
1492 5929 1929 6006 desententtadtctturlatseacuta,

271 6001 313 6069 {ib
383 5991 677 6073 studesgabatinttss
803 6001 838 6065 J
963 6000 1014 6080 'jh-
1118 5989 1419 6057 telcctersterdssspata.
