4009 6375
105 724 169 779 dere
185 722 317 795 potuisse.

800 324 902 387 tuen
921 324 1057 387 PRIMUS·
1685 329 1758 392 tuta

998 442 1066 501 huc.
1081 441 1149 511 Quid
1163 442 1227 499 tnihi
1237 442 1370 507 irasceris,
1382 442 1453 514 qnod
1464 441 1498 498 ad
1511 458 1555 501 nte
1565 442 1629 501 libri
1641 444 1680 501 tal
1691 460 1754 517 per·

107 334 172 395 lm

105 462 165 520 ergo
190 446 234 501 hic
258 445 434 517 apertissime
454 454 577 516 excerpta
601 441 644 497 illa
667 440 798 513 suspicari
824 454 854 496 se
874 440 909 497 de

106 554 185 609 opere
197 552 259 594 meo
271 537 447 593 tumultuarie
458 534 539 591 luisse
549 534 676 599 collecta;
689 532 805 603 integros
818 542 907 589 autem
953 534 1054 591 -senire
1069 534 1170 591 tardius
1185 542 1345 605 potuerunt;
1361 534 1401 590 vel
1415 535 1487 607 quod
1500 551 1546 591 eos
1558 551 1683 607 quarens
1696 550 1755 595 non

105 632 227 703 ignorare
242 629 340 699 libros,
351 630 449 703 quibus
464 638 551 685 tamen
566 624 647 682 audet
656 640 685 681 se
695 624 785 681 dicere
796 638 910 697 respon·
960 628 1035 699 potui
1047 626 1172 684 celeriter
1184 626 1323 684 inveniret
1337 637 1426 683 tamen
1442 628 1514 699 potui
1532 636 1560 683 et
1576 630 1686 686 omuino
1703 627 1754 687 dc·

961 721 1017 788 bui,
1032 735 1064 779 ea
1075 737 1136 793 quse
1148 718 1213 777 mihi
1234 719 1315 777 missa
1336 718 1456 777 chartula
1476 720 1647 789 continebat,
1660 720 1754 791 cujus

137 815 209 871 hue.
220 813 278 869 Cur
291 828 347 870 non
360 811 486 869 auderem
499 853 507 881 ,
521 810 566 883 qui
586 820 611 868 te
633 812 660 867 in
673 811 712 866 cis
726 825 793 866 vana
808 810 908 867 dixisse
960 824 1108 885 cumqueet
1118 814 1431 887 qualiacumqueesseart,
1440 813 1754 884 neputareuturinvicta,

104 904 228 963 dubitare
241 906 336 977 utique
350 920 404 960 tron
416 904 561 961 deberem?
574 902 632 958 Non
646 903 717 958 enim
732 914 825 959 contra
843 916 907 959 vera
960 906 1039 977 plane
1056 906 1170 976 apertis,
1186 920 1241 961 nou
1253 904 1380 961 involutis
1393 904 1479 961 oculis
1493 904 1643 974 inspicere,
1653 914 1682 960 et
1694 905 1753 961 sine

104 1013 198 1071 posses
212 997 287 1069 loqui
303 998 356 1053 nisi
370 1012 447 1053 vana.
463 994 555 1066 Neque
568 1010 643 1050 nreus
655 994 760 1052 animus
776 1009 818 1049 me
833 991 908 1050 leiel·
959 997 1088 1055 dilatione
1100 998 1223 1055 refellere
1235 1018 1243 1055 :
1253 1000 1316 1070 quia
1330 997 1381 1055 etsi
1395 1014 1530 1069 nunqnam
1545 998 1627 1055 libros
1641 1005 1754 1056 tuosrc·

103 1090 130 1145 lit
141 1110 147 1143 :
158 1106 211 1147 eos
221 1106 340 1163 namque
352 1090 436 1146 libros
446 1096 505 1144 tuos
516 1086 582 1143 tales
593 1086 692 1154 inveni,
702 1103 763 1144 curn
777 1085 907 1159 legerem,
959 1089 1049 1163 perire
1064 1106 1182 1161 possem,
1195 1090 1314 1161 oportuit
1328 1101 1402 1147 ntea
1416 1106 1477 1161 quae
1490 1089 1603 1160 alicuius
1624 1088 1753 1145 momenti

105 1185 196 1257 quales
212 1198 438 1257 praesumpseram
453 1198 523 1250 esse,
538 1190 681 1254 antequam
695 1181 822 1249 legerem.

134 1272 633 1347 xvnthn.Facitqvoqveeptsmtae
642 1272 907 1343 mentionem,quaut

105 1384 171 1424 ame
181 1368 222 1424 ait
232 1367 348 1422 liomam
361 1365 443 1423 luisse
452 1364 582 1421 directam
593 1382 600 1428 ;
613 1364 662 1421 sed
675 1379 722 1435 per
733 1364 743 1396 ¹
756 1352 921 1434 verbaque

104 1461 210 1531 posuit,
228 1458 401 1533 nequivimus
414 1472 466 1529 quo
479 1457 513 1512 de
526 1457 627 1528 scripto
639 1454 804 1527 loqueretur,
820 1467 905 1525 agno-

105 1568 190 1609 scere.
204 1552 274 1608 liam
288 1551 322 1607 ad
336 1550 472 1607 zosimum
487 1547 622 1621 quondam
637 1548 707 1605 illius
721 1546 835 1603 civitatis
850 1544 906 1617 epi·

105 1664 215 1719 snnpnm
236 1660 320 1721 snper
336 1645 378 1701 his
390 1644 581 1715 questionibus
599 1640 666 1698 duas
681 1640 809 1713 epistolas
823 1636 908 1697 desti·

107 1740 180 1805 mvi;
197 1754 295 1797 verum
310 1753 345 1795 eo
356 1745 497 1809 tempore,
515 1752 569 1809 quo
588 1734 675 1791 adhuc
695 1733 779 1791 libros
793 1746 905 1791 exorsus

108 1846 157 1887 non
171 1846 260 1887 erana.

139 1928 208 1983 llus.
225 1924 292 1979 llaec
312 1922 426 1995 epistola
448 1937 503 1978 nou
524 1930 567 1979 est
586 1918 618 1977 ad
631 1918 787 1988 Zosimum3
810 1919 857 1976 sed
871 1918 905 1976 ad

109 2033 151 2073 eos
164 2012 335 2073 seducendos
347 2014 394 2088 qui
408 2014 500 2070 Romae
514 2022 624 2086 possent
646 2012 692 2069 tali
711 2012 836 2070 suasione
858 2026 905 2068 se-

111 2110 176 2165 duci.
192 2107 248 2165 Sed
270 2109 295 2165 si
314 2123 374 2163 earn
395 2121 450 2163 nou
472 2106 610 2177 agnoscis;
626 2119 704 2173 ecce,
728 2104 831 2162 nonsit
848 2110 904 2159 tua.

111 2200 214 2258 Utinam
225 2209 254 2257 et
268 2200 307 2257 illi
320 2199 382 2255 libri
397 2215 450 2255 non
463 2205 556 2255 essent
570 2196 618 2261 tui,
632 2194 680 2253 sed
693 2194 774 2253 alieni
787 2213 793 2251 :
808 2212 842 2264 pe
855 2212 903 2269 per

116 2307 159 2349 eus
171 2302 201 2349 tu
213 2292 320 2365 iongea
336 2292 449 2349 veritate
462 2290 542 2347 lieres
555 2289 669 2345 alienus.

151 2386 222 2443 xlx.
237 2386 291 2443 lux„
309 2383 397 2442 Porro
412 2393 502 2441 utatur
522 2381 620 2439 indicio
637 2380 778 2453 epistolae,
792 2396 844 2453 qua
858 2388 904 2437 aut

114 2480 229 2549 accepit,
252 2486 299 2535 aut
322 2478 399 2534 linxit
420 2492 463 2533 me
484 2474 686 2547 responsionem
710 2480 803 2528 contra
822 2487 906 2529 novos

111 2570 268 2627 llvnichaeos
291 2568 372 2643 (quia
391 2575 467 2626 retus
489 2566 649 2639 dedignatur
670 2563 771 2627 videri)
792 2572 906 2635 quatuor

113 2664 292 2721 voluminibus
304 2663 453 2733 explicasse
466 2679 472 2715 :
483 2675 532 2716 cur
548 2673 602 2715 non
616 2656 719 2714 curavit
737 2672 769 2713 aa
782 2672 841 2727 quae
855 2655 905 2712 ob-

108 2756 263 2827 jecissemus
276 2754 434 2811 addis-cerel
447 2767 495 2809 cur
507 2767 559 2807 non
573 2749 684 2816 studuit,
694 2748 738 2821 qui
748 2748 826 2803 eum¹
835 2754 907 2804 esset

109 2860 317 2919 congressurus,
338 2858 507 2917 agnoscere;
532 2841 580 2897 sed
613 2839 722 2897 levitate
753 2836 906 2907 turpissima

109 2941 254 2994 concitatus
265 2938 293 2993 in
307 2947 443 2993 certamen
455 2934 599 2989 nvaxinrum
612 2929 757 2987 luminibus
768 2928 903 2996 involutis,

110 3032 307 3089 lodabatarum
319 3043 404 3095 more,
416 3022 565 3102 processit?
574 3021 652 3093 Quod
664 3020 762 3077 laetutn
773 3016 907 3091 eiusmodi

110 3124 267 3198 allegatione
280 3120 409 3185 defendit,
423 3127 451 3175 ut
464 3118 536 3173 dicat
546 3132 576 3172 ee
588 3116 690 3187 patroni
703 3114 742 3171 sui
757 3112 905 3169 lestinatio-

110 3233 174 3287 nem,
185 3231 271 3290 quam
287 3215 332 3270 ille
346 3214 372 3270 in
385 3209 597 3268 transmittendis
609 3206 716 3265 schedis
727 3205 831 3274 habirit,
845 3205 906 3262 imi-

110 3311 152 3366 tan'
167 3307 305 3380 praecipiti
320 3307 497 3378 responsione
511 3301 626 3358 voluisse
639 3319 645 3356 :
661 3299 737 3374 quasi
751 3315 805 3354 non
818 3299 906 3356 hone·

109 3403 220 3458 stissime
236 3398 356 3472 potuerit
370 3397 493 3454 intimare
503 3405 608 3466 tempus
617 3393 669 3451 sibi
683 3391 789 3464 aliquod
805 3391 906 3448 debere

109 3495 227 3561 mucedi,
243 3491 345 3565 quoad
367 3489 510 3547 lectionem
531 3487 595 3543 editi
619 3486 709 3556 operis
734 3483 904 3556 portevin&

108 3583 235 3656 flagitium
248 3597 310 3640 esse
321 3581 391 3638 inter
402 3579 522 3636 eruditos
535 3575 707 3634 inscribendi
719 3575 850 3647 gravitate
860 3573 908 3630 tle·

106 3677 243 3747 linquere,
259 3683 288 3732 et
303 3671 470 3748 impatientia
485 3669 650 3729 deliberandi
664 3671 820 3742 impugnare
833 3667 904 3739 quod

106 3771 226 3828 nescias.
236 3769 296 3826 lluc
309 3768 430 3834 accedit,
445 3766 518 3840 quod
535 3763 613 3823 nobis
627 3764 782 3822 calliditatis
797 3762 907 3819 molitu·

106 3882 152 3922 rus
164 3845 311 3932 invidiam,
327 3877 388 3936 qum
400 3861 531 3918 dictorum
545 3859 604 3930 ejus
617 3859 715 3916 seriem
727 3857 873 3912 curtaverit
884 3855 905 3924 ⁸,

107 3955 146 4012 his
159 3957 295 4026 excerptis
313 3953 393 4010 lvdem
406 3951 635 4016 accommodavit,
656 3964 716 4022 qum
734 3947 906 4004 verisimilius

108 4048 223 4105 falsitate
231 4047 292 4120 ejus
305 4057 333 4104 et
347 4045 522 4118 malignitate,
532 4041 773 4116 quameujnsquam
785 4049 906 4096 nostrum

108 4142 229 4214 imperita
245 4140 416 4212 simplicitate
430 4139 553 4195 videntur
563 4152 622 4194 esse
633 4136 791 4206 composita.
804 4132 906 4191 Verum

107 4233 132 4288 id
143 4233 242 4305 quovis
256 4233 358 4298 animo,
374 4231 468 4302 quovis
481 4237 591 4285 auctore
604 4226 761 4298 contigerit;
776 4225 853 4282 nobis
867 4233 907 4280 ta·

108 4341 167 4382 men
180 4326 291 4382 duobus
305 4324 465 4398 sullragatur
479 4321 565 4377 modis
577 4339 584 4376 :
598 4321 660 4392 quia
681 4317 760 4376 simul
782 4316 867 4390 patuit
878 4327 907 4375 ct

107 4429 205 4488 quanta
218 4419 254 4474 sit
265 4417 378 4482 levitas,
395 4425 424 4472 et
437 4425 535 4488 quanta
555 4413 724 4469 imbecillitas
743 4412 770 4468 in
785 4413 906 4469 veritatis

105 4509 228 4578 inimico,
243 4509 290 4581 qui
304 4523 333 4564 se
347 4507 514 4579 approbarit,
529 4515 628 4562 etcum
642 4504 714 4577 loqui
730 4520 782 4561 non
794 4502 903 4574 debeat,

106 4611 196 4657 tacere
212 4617 266 4655 non
281 4613 370 4670 posse,
387 4607 414 4654 et
429 4597 519 4668 paucis
537 4595 694 4667 semiplenis
709 4595 905 4667 discerptisque

104 4695 191 4766 magis
203 4709 286 4766 qnam
297 4690 445 4765 aggregatis
457 4689 608 4756 sententiis,
619 4689 750 4761 deprimo
762 4695 851 4744 maren
862 4703 906 4744 so·

103 4786 161 4842 lnm
178 4787 249 4842 libro
264 4801 324 4840 meo
339 4785 373 4839 ita
390 4783 503 4840 cessisse
521 4781 635 4836 lractnm
645 4777 667 4846 ⁸,
683 4789 712 4836 ut
725 4777 795 4850 vulgi
816 4778 842 4834 in
856 4793 906 4836 nos

102 4876 234 4934 lemineis
259 4873 402 4930 admodum
432 4872 541 4928 vocibus
568 4880 675 4941 pectora
700 4876 904 4925 commoveret:

103 4969 181 5043 quod
192 4967 384 5040 disputationis
400 4973 499 5022 nostra
514 4962 684 5036 processibus
697 4961 844 5034 apparebit.

135 5183 295 5244 ¹nuu,xed
313 5181 395 5244 verbu,
414 5183 517 5241 omisso,
536 5192 597 5245 pers
614 5190 687 5244 quatu
703 5175 844 5242 particulam
860 5177 906 5232 boe

103 5249 265 5302 locchabent
276 5254 329 5300 Mss-
341 5244 402 5296 Clat.
415 5251 470 5294 Har.
485 5249 511 5294 et
522 5249 584 5292 Post.

135 5317 148 5346 ¹
169 5311 384 5375 vtgntertvsmm,
396 5305 437 5371 qtvi
448 5318 512 5364 eunt
524 5303 606 5354 invitis
625 5303 808 5364 manuscriptis,
821 5313 906 5353 corre·

103 5381 193 5432 xerat,
202 5385 319 5436 qvocmn.
328 5367 585 5442 toquiamattulianus
592 5365 906 5416 cumuicevoneacteren-

104 5439 152 5494 tio,
166 5447 258 5500 qutuus
268 5433 389 5484 [auxilians
401 5439 439 5482 est
448 5429 491 5480 ille
500 5427 594 5478 dicendi
607 5427 699 5476 modus.
718 5427 755 5476 sic
765 5427 905 5488 Terentius,

6 5539 7 5546 ,
104 5497 218 5547 Fxxnudr.
230 5493 312 5554 actrl,
326 5505 392 5544 scen.
406 5493 429 5554 6,
443 5505 508 5542 vers.
526 5489 573 5539 at:
591 5490 709 5550 «qucum
719 5487 813 5537 restibi
826 5497 873 5537 est.

140 5561 153 5592 ⁸
173 5553 401 5620 amnesamnes
421 5551 543 5604 dictorum
553 5551 606 5613 ejus
616 5547 703 5619 sesima
714 5545 867 5600 certaverim.
880 5555 908 5600 nt

105 5627 178 5682 nse,
194 5631 249 5685 qnae
260 5617 366 5680 (scilicet
380 5614 507 5678 calliditas)
529 5611 649 5664 damnvm
664 5624 716 5672 epus
726 5610 813 5664 seriem
824 5617 901 5661 curto·

6 5715 7 5760 q
105 5681 181 5734 ecrit.
194 5685 227 5732 ab
238 5681 283 5731 bac
291 5679 400 5730 lectione
407 5677 507 5748 propius
516 5673 637 5726 recedens
648 5673 774 5726 benardus
787 5671 906 5733 ediderat,

107 5757 156 5839 ⁰¹²2
166 5745 284 5877 ww
316 5753 354 5854 g⁸
364 5749 505 5865 mus
510 5746 730 5864 nmmum.
753 5797 906 5862 viguerim,

106 5871 239 5924 aum
247 5865 365 5934 tranen·

959 1198 1021 1240 esse
1032 1183 1161 1251 credidit,
1176 1182 1222 1254 qui
1243 1192 1318 1239 tanto
1330 1183 1389 1240 viro
1402 1182 1548 1239 arbitratus
1560 1190 1602 1238 est
1614 1196 1675 1239 esse
1692 1181 1754 1237 vnit·

959 1275 1048 1342 tenda,
1064 1286 1192 1350 quantum
1205 1276 1332 1343 valerem,
1347 1292 1382 1332 ne
1393 1276 1535 1367 quigquam
1551 1274 1643 1345 legens
1652 1273 1692 1331 eis
1707 1273 1755 1331 de·

958 1370 1102 1441 ciperetnr,
1118 1384 1267 1443 arguerem.
1285 1369 1345 1427 lion
1365 1385 1430 1441 ergo
1453 1368 1518 1424 rnihi
1538 1367 1610 1441 quod
1631 1368 1754 1438 objecisti

957 1462 1099 1534 objiceres,
1111 1462 1161 1518 nisi
1176 1470 1202 1517 tu
1218 1462 1306 1533 potius
1320 1461 1381 1529 ista,
1396 1470 1425 1516 ut
1436 1477 1489 1515 non
1499 1459 1587 1515 dicam
1602 1459 1752 1523 exstinctis,

957 1567 1030 1613 certe
1043 1555 1140 1611 clatrsis
1154 1554 1238 1611 oculis
1251 1554 1410 1627 loquereris.
1425 1552 1504 1610 Nullo
1515 1550 1595 1607 modo
1608 1561 1697 1607 autern
1707 1549 1751 1607 di·

957 1663 1050 1716 ceres,
1061 1648 1133 1719 vulgi
1145 1664 1161 1703 a
1175 1646 1252 1704 nobis
1266 1647 1293 1702 in
1307 1661 1356 1701 ros
1377 1653 1486 1717 pectora
1500 1642 1683 1710 commoveri,
1699 1642 1752 1699 nisi

957 1742 1041 1801 scires
1049 1740 1246 1799 multitudinem
1253 1741 1425 1797 christianam
1435 1741 1461 1795 in
1469 1750 1585 1809 utroque
1594 1752 1661 1795 sexu
1671 1736 1752 1795 odem

956 1836 1115 1893 catholicam
1129 1850 1182 1893 non
1196 1836 1292 1902 latere,
1307 1849 1387 1905 quam
1398 1834 1504 1890 conaris
1515 1843 1646 1889 evertere.

992 1928 1054 1987 XX.
1067 1928 1129 1987 lut..
1139 1927 1279 1986 admoneo
1294 1916 1383 1983 tamen
1394 1926 1439 1983 bic
1451 1940 1568 1997 quoque,
1582 1923 1653 1980 sicut
1662 1922 1752 1993 priore

957 2036 972 2077 a
985 2020 1062 2078 nobis
1073 2036 1154 2095 opere
1168 2019 1268 2078 iactum
1281 2029 1339 2089 est,
1355 2036 1409 2077 nou
1421 2034 1465 2075 me
1478 2018 1567 2076 omnia
1587 2016 1751 2073 exarnussim

957 2113 1015 2187 ejus
1027 2114 1107 2171 verba
1121 2113 1285 2184 positurum
1300 2111 1348 2169 sed
1363 2126 1394 2167 ea
1413 2110 1515 2183 capita,
1536 2108 1633 2181 quibus
1644 2107 1752 2165 destru-

958 2206 1019 2275 ctis,
1032 2206 1160 2263 naturalis
1173 2205 1236 2263 mali
1251 2204 1341 2277 opinio
1354 2210 1521 2261 conteratur.

992 2299 1062 2357 huc.
1082 2299 1137 2355 Ea¹
1152 2314 1212 2371 qum
1234 2283 1434 2369 pretermittit,
1454 2295 1612 2366 colligentur
1631 2292 1698 2350 tvvs-v·
1717 2310 1745 2349 :a

957 2392 1031 2449 vela
1046 2390 1122 2448 nobis
1135 2390 1176 2447 vel
1185 2389 1224 2447 ab
1242 2387 1320 2460 aliis,
1343 2396 1374 2445 ut
1395 2395 1523 2461 appareat
1535 2402 1584 2443 cur
1599 2386 1749 2458 prater-vni-

957 2498 1037 2541 servs.
1123 2508 1131 2523 ·

993 2576 1065 2635 xxt.
1078 2576 1138 2635 lut„
1157 2576 1235 2647 Quod
1255 2576 1319 2633 licet
1338 2574 1418 2647 plene
1437 2573 1526 2645 primo
1543 2586 1627 2645 opere
1646 2578 1752 2629 constet
1834 2576 1839 2585 ·

957 2669 1081 2729 ellectum
1094 2686 1102 2725 ε
1117 2679 1205 2727 umen
1231 2668 1357 2741 quoniam
1384 2682 1457 2724 nunc
1482 2666 1611 2723 nonnulla
1636 2664 1670 2721 de
1695 2679 1751 2722 uno

957 2762 1086 2821 duuamx
1099 2762 1169 2819 libro
1182 2777 1242 2817 aveo
1255 2760 1306 2817 sibi
1322 2758 1466 2817 refellenda
1480 2757 1750 2831 promeritumque,

957 2864 988 2911 ut
999 2854 1260 2927 prelocutus¹sum,
1270 2853 1368 2925 arguit,
1378 2850 1542 2924 quodcapita
1550 2851 1683 2919 dictorum
1694 2850 1753 2921 eius
1798 2914 1805 2929 ⁸

958 2965 1018 3021 quae
1030 2949 1139 3016 inserui,
1156 2962 1251 3019 magna
1265 2962 1298 3003 ex
1315 2956 1390 3017 parte
1403 2944 1597 3011 truncaverim
1612 2942 1751 3001 ostendam

958 3042 1056 3115 primo,
1065 3041 1092 3097 id
1101 3040 1172 3113 quod
1184 3038 1365 3111 reprehendit,
1373 3054 1426 3097 nec
1436 3054 1453 3095 a
1462 3054 1506 3095 me
1514 3047 1576 3095 esse
1585 3037 1694 3102 iactum,
1705 3035 1753 3095 ct·

958 3134 1050 3192 abillo
1063 3130 1332 3205 impudentissimam
1347 3130 1399 3187 boc
1413 3130 1510 3187 eodem
1524 3143 1606 3200 opere
1625 3126 1751 3200 lrequeu·

959 3235 1053 3284 tatum.
1065 3225 1140 3280 Tunc
1154 3224 1281 3296 probabo,
1297 3222 1352 3278 illis
1363 3223 1428 3292 ipsis
1441 3221 1558 3278 concisis
1569 3219 1752 3290 brevibusque

958 3319 1110 3386 sententiis,
1124 3331 1191 3388 quas
1202 3316 1237 3372 de
1248 3315 1355 3388 scriptis
1368 3314 1446 3380 meis,
1457 3314 1555 3385 quibus
1567 3312 1653 3368 luerat
1664 3313 1753 3382 impu·

958 3423 1064 3486 guatus,
1078 3409 1229 3478 interserit,
1243 3409 1279 3464 ita
1293 3408 1373 3464 nullis
1385 3423 1447 3464 eum
1459 3405 1553 3464 solidis
1570 3407 1753 3478 samesium·

957 3504 1010 3561 bus
1022 3502 1171 3570 obstitisse,
1185 3511 1215 3557 ut
1227 3510 1254 3558 et
1267 3500 1312 3556 illa
1324 3502 1448 3556 invexata
1462 3506 1656 3570 permaneant,
1668 3508 1697 3556 et
1707 3499 1752 3556 bic

960 3599 1064 3670 planius
1077 3595 1234 3652 detestanda
1250 3594 1374 3663 lateatur,
1388 3608 1469 3666 quam
1482 3602 1576 3650 nostra
1589 3593 1677 3650 oratic
1687 3591 1699 3625 ⁸
1710 3593 1751 3650 la·

958 3692 1100 3750 buraverat
1111 3687 1255 3759 explicare.

994 3784 1063 3841 hott.
1077 3782 1137 3838 latu
1150 3781 1272 3852 superius
1280 3779 1314 3835 ad
1324 3779 1374 3835 ista
1386 3778 1524 3848 respondi.

994 3874 1078 3930 ult.
1092 3870 1277 3930 tunonensi
1292 3883 1374 3941 ergo,
1388 3868 1454 3940 quid
1471 3876 1565 3924 contm
1577 3883 1622 3926 ms
1632 3868 1751 3942 scripse-

958 3967 1005 4034 rit,
1019 3964 1168 4022 audiamus.
1183 3981 1193 4019 t
1208 3963 1307 4031 Verba,
1322 3962 1441 4035 »inquit
1455 3979 1465 4017 t
1479 3961 1514 4018 de
1524 3962 1592 4018 libro
1601 3977 1664 4020 meo
1676 3962 1751 4019 tibia

959 4073 1003 4116 me
1017 4059 1099 4114 misso
1114 4055 1215 4128 tibique
1226 4054 1368 4111 notissimo
1381 4055 1431 4110 ista
1445 4053 1546 4124 posuit,
1558 4069 1619 4126 quae
1632 4053 1750 4111 relutare

958 4159 1070 4208 conatus
1079 4159 1121 4206 est
1133 4166 1140 4202 :
1152 4148 1328 4204 Damnatores
1341 4160 1390 4201 nos
1399 4159 1461 4203 esse
1475 4146 1637 4216 nuptiarum,
1648 4145 1753 4217 operis-

958 4259 1011 4316 que
1023 4241 1122 4310 divini,
1138 4256 1192 4311 qno
1205 4255 1240 4298 ex
1251 4239 1371 4296 maribus
1382 4246 1411 4293 et
1424 4237 1531 4294 lerninis
1545 4239 1615 4295 licus
1627 4238 1751 4296 homines

958 4344 1044 4402 creat,
1051 4332 1258 4389 invidiosissime
1264 4331 1403 4388 clamitant
1413 4347 1420 4384 :
1432 4331 1559 4402 quoniam
1566 4329 1691 4398 dicimus,
1702 4347 1751 4388 eos

957 4429 1004 4502 qui
1017 4428 1051 4484 de
1063 4427 1110 4484 tali
1118 4425 1307 4482 commixtione
1319 4432 1478 4492 nascuntur,
1491 4422 1598 4480 trabem
1616 4423 1747 4494 originale

959 4531 1113 4594 peecatum
1125 4533 1236 4590 eosque,
1246 4517 1282 4574 de
1293 4517 1532 4588 qualibuscumque
1540 4515 1695 4586 parentibus
1705 4531 1752 4574 na·

957 4624 1077 4682 emantur,
1092 4627 1146 4668 uon
1158 4624 1287 4682 noganm
1304 4607 1392 4664 adbuc
1409 4622 1470 4664 esse
1489 4605 1542 4662 sub
1561 4605 1686 4675 diabolo,
1699 4606 1753 4664 nisi

958 4711 1132 4763 renascantur
1143 4702 1170 4756 in
1178 4699 1293 4756 Christo.
1304 4695 1334 4754 in
1345 4696 1389 4752 bis
1395 4695 1485 4752 verbis
1491 4694 1559 4752 meis
1569 4697 1750 4754 testimonium

957 4796 1090 4868 Apostoli,
1101 4792 1172 4864 quod
1184 4790 1330 4862 interposui
1343 4789 1525 4861 praetermisit,
1534 4789 1611 4861 cuivs
1623 4805 1652 4846 se
1662 4790 1749 4862 premi

958 4904 1053 4960 magna
1066 4887 1136 4941 mole
1149 4884 1290 4940 sentiebat.
1303 4883 1360 4955 Ego
1374 4882 1446 4937 enim
1463 4896 1524 4939 cum
1538 4882 1682 4952 dixissem,
1699 4881 1749 4939 bo·

958 4981 1047 5040 mines
1058 4977 1166 5034 trahere
1178 4975 1307 5047 originale
1322 4983 1478 5047 peccatum,
1493 4989 1556 5031 mox
1568 4973 1678 5046 adjunxi
1690 4991 1698 5030 a
1712 4975 1751 5034 lle

958 5086 1011 5145 quo
1025 5069 1168 5142 Apostolus
1177 5066 1224 5133 ait,
1237 5063 1291 5122 Per
1302 5083 1382 5122 snam
1393 5065 1521 5122 tamnen
1530 5074 1661 5139 pecuum
1667 5065 1751 5122 istra·

957 5164 1035 5220 sitin
1047 5161 1214 5226 mandam,et
1226 5168 1411 5231 parpecmtsxr
1423 5172 1507 5224 mors,
1524 5165 1547 5212 et
1566 5157 1604 5212 its
1621 5157 1650 5213 t'n
1664 5172 1751 5213 m

958 5257 1072 5314 bahanes
1082 5253 1238 5326 ponemus,
1250 5253 1279 5308 in
1290 5269 1340 5325 qsc
1349 5267 1436 5308 onnes
1445 5259 1610 5324 moneant
1619 5249 1709 5324 (ttvn.
1722 5263 1750 5318 r,

959 5352 1004 5425 lh)
1017 5369 1024 5408 :
1035 5363 1090 5422 quo
1099 5346 1262 5412 testimonio,
1271 5355 1301 5402 ut
1310 5345 1434 5410 diximus,
1449 5343 1639 5417 praetermisso,
1651 5347 1751 5398 cetea
1789 5381 1792 5386 -

958 5445 1004 5500 ilia
1016 5441 1153 5500 contexuit
1169 5455 1231 5512 quae
1251 5453 1333 5510 supra
1352 5445 1560 5494 commemorata
1579 5440 1652 5489 sunt.
1671 5431 1754 5492 Novit

959 5537 1030 5594 enirn
1044 5531 1270 5609 quemadmodum
1287 5533 1391 5591 soleant
1411 5532 1469 5589 hacc
1488 5529 1570 5587 rerba
1587 5524 1753 5600 apostolica,

992 5670 1001 5702 ¹
1018 5674 1070 5720 mo
1080 5677 1144 5728 lla,
1156 5673 1188 5720 d.

991 5733 1002 5766 ¹
1018 5732 1115 5781 siclus,
1124 5729 1202 5790 nuta,
1213 5729 1358 5793 nomana.
