<?xml version="1.0" encoding="UTF-8"?>
<!DOCTYPE html PUBLIC "-//W3C//DTD XHTML 1.0 Transitional//EN"
    "http://www.w3.org/TR/xhtml1/DTD/xhtml1-transitional.dtd">
<html xmlns="http://www.w3.org/1999/xhtml" xml:lang="en" lang="en">
 <head>
  <title>
</title>
<meta http-equiv="Content-Type" content="text/html;charset=utf-8" />
  <meta name='ocr-system' content='tesseract 3.04.00' />
  <meta name='ocr-capabilities' content='ocr_page ocr_carea ocr_par ocr_line ocrx_word'/>
</head>
<body>
  <div class='ocr_page' id='page_1' title='image "./patrologiaecurs215unkngoog/patrologiaecurs215unkngoog_0232.png"; bbox 0 0 4009 6375; ppageno 0'>
   <div class='ocr_carea' id='block_1_1' title="bbox 235 444 303 506">
    <p class='ocr_par' dir='ltr' id='par_1_1' title="bbox 235 444 303 506">
     <span class='ocr_line' id='line_1_1' title="bbox 235 444 303 506; baseline 0.029 -2"><span class='ocrx_word' id='word_1_1' title='bbox 235 444 303 506; x_wconf 69' lang='lat' dir='ltr'>ltus</span> 
     </span>
    </p>
   </div>
   <div class='ocr_carea' id='block_1_2' title="bbox 232 561 1031 5872">
    <p class='ocr_par' dir='ltr' id='par_1_2' title="bbox 232 561 1027 2581">
     <span class='ocr_line' id='line_1_2' title="bbox 234 561 1023 643; baseline -0.013 -15"><span class='ocrx_word' id='word_1_2' title='bbox 234 586 310 629; x_wconf 82' lang='lat' dir='ltr'>ouant</span> <span class='ocrx_word' id='word_1_3' title='bbox 321 561 424 624; x_wconf 72' lang='lat' dir='ltr'>erexisti</span> <span class='ocrx_word' id='word_1_4' title='bbox 435 568 570 625; x_wconf 83' lang='lat' dir='ltr'>odorantes</span> <span class='ocrx_word' id='word_1_5' title='bbox 583 567 673 643; x_wconf 75' lang='lat' dir='ltr'>(dau.</span> <span class='ocrx_word' id='word_1_6' title='bbox 686 584 723 633; x_wconf 91' lang='lat' dir='ltr'>ut,</span> <span class='ocrx_word' id='word_1_7' title='bbox 735 566 779 636; x_wconf 84' lang='lat' dir='ltr'>li,</span> <span class='ocrx_word' id='word_1_8' title='bbox 792 566 848 638; x_wconf 88' lang='lat' dir='ltr'>l8).</span> <span class='ocrx_word' id='word_1_9' title='bbox 863 564 947 633; x_wconf 83' lang='lat' dir='ltr'>Quam</span> <span class='ocrx_word' id='word_1_10' title='bbox 960 578 1023 619; x_wconf 87' lang='lat' dir='ltr'>sau-</span> 
     </span>
     <span class='ocr_line' id='line_1_3' title="bbox 234 652 1025 735; baseline -0.011 -16"><span class='ocrx_word' id='word_1_11' title='bbox 234 674 305 719; x_wconf 88' lang='lat' dir='ltr'>ctum</span> <span class='ocrx_word' id='word_1_12' title='bbox 320 672 409 718; x_wconf 83' lang='lat' dir='ltr'>rottrrn</span> <span class='ocrx_word' id='word_1_13' title='bbox 434 662 532 735; x_wconf 83' lang='lat' dir='ltr'>judicio</span> <span class='ocrx_word' id='word_1_14' title='bbox 557 662 729 729; x_wconf 84' lang='lat' dir='ltr'>miscuermrt,</span> <span class='ocrx_word' id='word_1_15' title='bbox 746 675 795 715; x_wconf 87' lang='lat' dir='ltr'>nec</span> <span class='ocrx_word' id='word_1_16' title='bbox 814 668 904 715; x_wconf 75' lang='lat' dir='ltr'>mitten</span> <span class='ocrx_word' id='word_1_17' title='bbox 918 652 1025 712; x_wconf 92' lang='lat' dir='ltr'>consilii</span> 
     </span>
     <span class='ocr_line' id='line_1_4' title="bbox 233 750 1025 826; baseline -0.006 -16"><span class='ocrx_word' id='word_1_18' title='bbox 233 756 389 826; x_wconf 74' lang='lat' dir='ltr'>gravitatem</span> <span class='ocrx_word' id='word_1_19' title='bbox 400 754 533 811; x_wconf 88' lang='lat' dir='ltr'>desiderio</span> <span class='ocrx_word' id='word_1_20' title='bbox 543 755 664 811; x_wconf 87' lang='lat' dir='ltr'>letaruut</span> <span class='ocrx_word' id='word_1_21' title='bbox 678 754 685 809; x_wconf 92' lang='lat' dir='ltr'>l</span> <span class='ocrx_word' id='word_1_22' title='bbox 699 751 891 809; x_wconf 73' lang='lat' dir='ltr'>Fortitudinem</span> <span class='ocrx_word' id='word_1_23' title='bbox 904 750 963 805; x_wconf 81' lang='lat' dir='ltr'>noct</span> <span class='ocrx_word' id='word_1_24' title='bbox 974 764 1025 805; x_wconf 90' lang='lat' dir='ltr'>nec</span> 
     </span>
     <span class='ocr_line' id='line_1_5' title="bbox 237 840 1024 919; baseline -0.009 -17"><span class='ocrx_word' id='word_1_25' title='bbox 237 847 422 917; x_wconf 71' lang='lat' dir='ltr'>desperatione</span> <span class='ocrx_word' id='word_1_26' title='bbox 437 846 612 919; x_wconf 85' lang='lat' dir='ltr'>praecipitant,</span> <span class='ocrx_word' id='word_1_27' title='bbox 627 862 677 902; x_wconf 90' lang='lat' dir='ltr'>nec</span> <span class='ocrx_word' id='word_1_28' title='bbox 689 840 1024 915; x_wconf 86' lang='lat' dir='ltr'>cupiditatesuspenduut:</span> 
     </span>
     <span class='ocr_line' id='line_1_6' title="bbox 233 934 1025 1010; baseline -0.011 -15"><span class='ocrx_word' id='word_1_29' title='bbox 233 937 348 995; x_wconf 84' lang='lat' dir='ltr'>luiseeut</span> <span class='ocrx_word' id='word_1_30' title='bbox 360 940 467 1010; x_wconf 86' lang='lat' dir='ltr'>quidem</span> <span class='ocrx_word' id='word_1_31' title='bbox 492 950 574 1004; x_wconf 81' lang='lat' dir='ltr'>rota3</span> <span class='ocrx_word' id='word_1_32' title='bbox 593 948 719 993; x_wconf 74' lang='lat' dir='ltr'>caeterum</span> <span class='ocrx_word' id='word_1_33' title='bbox 742 935 862 992; x_wconf 91' lang='lat' dir='ltr'>ordinem</span> <span class='ocrx_word' id='word_1_34' title='bbox 878 950 930 989; x_wconf 80' lang='lat' dir='ltr'>uota</span> <span class='ocrx_word' id='word_1_35' title='bbox 944 934 1025 987; x_wconf 85' lang='lat' dir='ltr'>reliu-</span> 
     </span>
     <span class='ocr_line' id='line_1_7' title="bbox 234 1026 1024 1103; baseline -0.011 -18"><span class='ocrx_word' id='word_1_36' title='bbox 234 1039 334 1103; x_wconf 88' lang='lat' dir='ltr'>quout;</span> <span class='ocrx_word' id='word_1_37' title='bbox 358 1032 530 1087; x_wconf 87' lang='lat' dir='ltr'>consolantur</span> <span class='ocrx_word' id='word_1_38' title='bbox 545 1032 710 1087; x_wconf 79' lang='lat' dir='ltr'>tolerantiam</span> <span class='ocrx_word' id='word_1_39' title='bbox 724 1031 744 1096; x_wconf 89' lang='lat'>¹,</span> <span class='ocrx_word' id='word_1_40' title='bbox 772 1028 817 1085; x_wconf 85' lang='lat' dir='ltr'>scd</span> <span class='ocrx_word' id='word_1_41' title='bbox 835 1027 913 1099; x_wconf 81' lang='lat' dir='ltr'>justis</span> <span class='ocrx_word' id='word_1_42' title='bbox 936 1026 1024 1081; x_wconf 85' lang='lat' dir='ltr'>mitio-</span> 
     </span>
     <span class='ocr_line' id='line_1_8' title="bbox 234 1121 1024 1195; baseline -0.006 -15"><span class='ocrx_word' id='word_1_43' title='bbox 234 1122 263 1180; x_wconf 84' lang='lat' dir='ltr'>&#39;ra</span> <span class='ocrx_word' id='word_1_44' title='bbox 280 1126 459 1182; x_wconf 88' lang='lat' dir='ltr'>submittunt:</span> <span class='ocrx_word' id='word_1_45' title='bbox 482 1125 589 1180; x_wconf 89' lang='lat' dir='ltr'>Certum</span> <span class='ocrx_word' id='word_1_46' title='bbox 615 1132 666 1193; x_wconf 87' lang='lat' dir='ltr'>est,</span> <span class='ocrx_word' id='word_1_47' title='bbox 682 1124 813 1195; x_wconf 86' lang='lat' dir='ltr'>inquiunt,</span> <span class='ocrx_word' id='word_1_48' title='bbox 836 1121 959 1192; x_wconf 86' lang='lat' dir='ltr'>qrroniam</span> <span class='ocrx_word' id='word_1_49' title='bbox 975 1134 1024 1175; x_wconf 91' lang='lat' dir='ltr'>nos</span> 
     </span>
     <span class='ocr_line' id='line_1_9' title="bbox 236 1212 1023 1286; baseline -0.005 -15"><span class='ocrx_word' id='word_1_50' title='bbox 236 1218 318 1286; x_wconf 87' lang='lat' dir='ltr'>possit</span> <span class='ocrx_word' id='word_1_51' title='bbox 343 1217 457 1273; x_wconf 85' lang='lat' dir='ltr'>liberare</span> <span class='ocrx_word' id='word_1_52' title='bbox 479 1213 548 1273; x_wconf 84' lang='lat' dir='ltr'>bens</span> <span class='ocrx_word' id='word_1_53' title='bbox 575 1226 683 1282; x_wconf 89' lang='lat' dir='ltr'>noster;</span> <span class='ocrx_word' id='word_1_54' title='bbox 702 1214 750 1272; x_wconf 91' lang='lat' dir='ltr'>sed</span> <span class='ocrx_word' id='word_1_55' title='bbox 775 1224 863 1270; x_wconf 88' lang='lat' dir='ltr'>utrum</span> <span class='ocrx_word' id='word_1_56' title='bbox 885 1212 959 1281; x_wconf 88' lang='lat' dir='ltr'>relit,</span> <span class='ocrx_word' id='word_1_57' title='bbox 984 1220 1023 1267; x_wconf 88' lang='lat' dir='ltr'>est</span> 
     </span>
     <span class='ocr_line' id='line_1_10' title="bbox 234 1306 1026 1379; baseline -0.006 -17"><span class='ocrx_word' id='word_1_58' title='bbox 234 1306 383 1364; x_wconf 77' lang='lat' dir='ltr'>incertum:</span> <span class='ocrx_word' id='word_1_59' title='bbox 400 1317 427 1365; x_wconf 95' lang='lat' dir='ltr'>et</span> <span class='ocrx_word' id='word_1_60' title='bbox 447 1308 507 1365; x_wconf 90' lang='lat' dir='ltr'>ideo</span> <span class='ocrx_word' id='word_1_61' title='bbox 531 1308 580 1365; x_wconf 85' lang='lat' dir='ltr'>sub</span> <span class='ocrx_word' id='word_1_62' title='bbox 603 1308 727 1379; x_wconf 80' lang='lat' dir='ltr'>autlriguo</span> <span class='ocrx_word' id='word_1_63' title='bbox 752 1324 838 1363; x_wconf 89' lang='lat' dir='ltr'>rerum</span> <span class='ocrx_word' id='word_1_64' title='bbox 856 1312 953 1361; x_wconf 76' lang='lat' dir='ltr'>euentu</span> <span class='ocrx_word' id='word_1_65' title='bbox 973 1311 1026 1358; x_wconf 91' lang='lat' dir='ltr'>stat</span> 
     </span>
     <span class='ocr_line' id='line_1_11' title="bbox 235 1396 1021 1471; baseline -0.004 -17"><span class='ocrx_word' id='word_1_66' title='bbox 235 1399 338 1471; x_wconf 88' lang='lat' dir='ltr'>piorum</span> <span class='ocrx_word' id='word_1_67' title='bbox 361 1404 433 1456; x_wconf 87' lang='lat' dir='ltr'>certa</span> <span class='ocrx_word' id='word_1_68' title='bbox 455 1402 595 1464; x_wconf 90' lang='lat' dir='ltr'>sententia,</span> <span class='ocrx_word' id='word_1_69' title='bbox 622 1402 690 1457; x_wconf 90' lang='lat' dir='ltr'>idola</span> <span class='ocrx_word' id='word_1_70' title='bbox 716 1399 869 1471; x_wconf 85' lang='lat' dir='ltr'>respuendi,</span> <span class='ocrx_word' id='word_1_71' title='bbox 890 1396 1021 1470; x_wconf 86' lang='lat' dir='ltr'>supplicia</span> 
     </span>
     <span class='ocr_line' id='line_1_12' title="bbox 234 1478 1025 1565; baseline -0.008 -17"><span class='ocrx_word' id='word_1_72' title='bbox 234 1493 395 1565; x_wconf 73' lang='lat' dir='ltr'>tresserendi.</span> <span class='ocrx_word' id='word_1_73' title='bbox 410 1478 511 1550; x_wconf 77' lang='lat' dir='ltr'>i&#39;iderit</span> <span class='ocrx_word' id='word_1_74' title='bbox 535 1494 598 1565; x_wconf 78' lang='lat' dir='ltr'>quid</span> <span class='ocrx_word' id='word_1_75' title='bbox 617 1493 678 1551; x_wconf 89' lang='lat' dir='ltr'>boui</span> <span class='ocrx_word' id='word_1_76' title='bbox 694 1502 782 1549; x_wconf 86' lang='lat' dir='ltr'>nostra</span> <span class='ocrx_word' id='word_1_77' title='bbox 798 1490 919 1549; x_wconf 88' lang='lat' dir='ltr'>liberatio</span> <span class='ocrx_word' id='word_1_78' title='bbox 944 1492 1025 1545; x_wconf 89' lang='lat' dir='ltr'>etiam</span> 
     </span>
     <span class='ocr_line' id='line_1_13' title="bbox 234 1581 1024 1654; baseline -0.008 -13"><span class='ocrx_word' id='word_1_79' title='bbox 234 1587 339 1641; x_wconf 77' lang='lat' dir='ltr'>ceteris</span> <span class='ocrx_word' id='word_1_80' title='bbox 362 1584 502 1654; x_wconf 87' lang='lat' dir='ltr'>coulcral;</span> <span class='ocrx_word' id='word_1_81' title='bbox 528 1586 604 1642; x_wconf 76' lang='lat' dir='ltr'>trellis</span> <span class='ocrx_word' id='word_1_82' title='bbox 629 1585 735 1642; x_wconf 84' lang='lat' dir='ltr'>interim</span> <span class='ocrx_word' id='word_1_83' title='bbox 759 1601 848 1640; x_wconf 87' lang='lat' dir='ltr'>reram</span> <span class='ocrx_word' id='word_1_84' title='bbox 870 1581 1024 1638; x_wconf 77' lang='lat' dir='ltr'>felicitatem</span> 
     </span>
     <span class='ocr_line' id='line_1_14' title="bbox 235 1676 1025 1751; baseline -0.009 -17"><span class='ocrx_word' id='word_1_85' title='bbox 235 1678 312 1744; x_wconf 90' lang='lat' dir='ltr'>lides,</span> <span class='ocrx_word' id='word_1_86' title='bbox 342 1681 472 1751; x_wconf 81' lang='lat' dir='ltr'>inquiunt,</span> <span class='ocrx_word' id='word_1_87' title='bbox 498 1680 596 1733; x_wconf 87' lang='lat' dir='ltr'>invicta</span> <span class='ocrx_word' id='word_1_88' title='bbox 623 1678 755 1733; x_wconf 90' lang='lat' dir='ltr'>custodiat</span> <span class='ocrx_word' id='word_1_89' title='bbox 769 1695 774 1731; x_wconf 94' lang='lat'><strong>:</strong></span> <span class='ocrx_word' id='word_1_90' title='bbox 790 1692 843 1731; x_wconf 94' lang='lat' dir='ltr'>nou</span> <span class='ocrx_word' id='word_1_91' title='bbox 865 1676 945 1730; x_wconf 86' lang='lat' dir='ltr'>habet</span> <span class='ocrx_word' id='word_1_92' title='bbox 961 1688 1025 1743; x_wconf 77' lang='lat' dir='ltr'>ergo</span> 
     </span>
     <span class='ocr_line' id='line_1_15' title="bbox 234 1769 1026 1844; baseline -0.009 -17"><span class='ocrx_word' id='word_1_93' title='bbox 234 1769 398 1827; x_wconf 83' lang='lat' dir='ltr'>mollioribus</span> <span class='ocrx_word' id='word_1_94' title='bbox 420 1773 583 1844; x_wconf 74' lang='lat' dir='ltr'>gratilieaudi</span> <span class='ocrx_word' id='word_1_95' title='bbox 606 1772 714 1827; x_wconf 78' lang='lat' dir='ltr'>nimiam</span> <span class='ocrx_word' id='word_1_96' title='bbox 737 1769 935 1834; x_wconf 89' lang='lat' dir='ltr'>necessitatem,</span> <span class='ocrx_word' id='word_1_97' title='bbox 949 1769 1026 1835; x_wconf 78' lang='lat' dir='ltr'>euius</span> 
     </span>
     <span class='ocr_line' id='line_1_16' title="bbox 234 1860 1023 1938; baseline -0.01 -18"><span class='ocrx_word' id='word_1_98' title='bbox 234 1866 324 1938; x_wconf 72' lang='lat' dir='ltr'>gloriae</span> <span class='ocrx_word' id='word_1_99' title='bbox 338 1868 504 1936; x_wconf 85' lang='lat' dir='ltr'>negotiantur</span> <span class='ocrx_word' id='word_1_100' title='bbox 518 1866 640 1921; x_wconf 84' lang='lat' dir='ltr'>adrersa.</span> <span class='ocrx_word' id='word_1_101' title='bbox 654 1864 691 1919; x_wconf 82' lang='lat' dir='ltr'>lle</span> <span class='ocrx_word' id='word_1_102' title='bbox 712 1864 762 1918; x_wconf 84' lang='lat' dir='ltr'>bae</span> <span class='ocrx_word' id='word_1_103' title='bbox 773 1872 800 1918; x_wconf 90' lang='lat' dir='ltr'>ct</span> <span class='ocrx_word' id='word_1_104' title='bbox 813 1878 862 1917; x_wconf 89' lang='lat' dir='ltr'>uos</span> <span class='ocrx_word' id='word_1_105' title='bbox 873 1860 1023 1930; x_wconf 88' lang='lat' dir='ltr'>disciplina,</span> 
     </span>
     <span class='ocr_line' id='line_1_17' title="bbox 233 1951 1027 2027; baseline -0.011 -15"><span class='ocrx_word' id='word_1_106' title='bbox 233 1969 312 2026; x_wconf 78' lang='lat' dir='ltr'>uuam</span> <span class='ocrx_word' id='word_1_107' title='bbox 334 1957 498 2027; x_wconf 79' lang='lat' dir='ltr'>reliquerunt</span> <span class='ocrx_word' id='word_1_108' title='bbox 520 1956 635 2011; x_wconf 76' lang='lat' dir='ltr'>illustres</span> <span class='ocrx_word' id='word_1_109' title='bbox 662 1954 794 2027; x_wconf 82' lang='lat' dir='ltr'>rturgistri,</span> <span class='ocrx_word' id='word_1_110' title='bbox 807 1951 977 2022; x_wconf 83' lang='lat' dir='ltr'>intelligimus</span> <span class='ocrx_word' id='word_1_111' title='bbox 988 1958 1027 2004; x_wconf 93' lang='lat' dir='ltr'>te·</span> 
     </span>
     <span class='ocr_line' id='line_1_18' title="bbox 234 2042 1026 2119; baseline -0.006 -17"><span class='ocrx_word' id='word_1_112' title='bbox 234 2048 346 2103; x_wconf 91' lang='lat' dir='ltr'>uendam</span> <span class='ocrx_word' id='word_1_113' title='bbox 360 2050 386 2104; x_wconf 92' lang='lat' dir='ltr'>in</span> <span class='ocrx_word' id='word_1_114' title='bbox 402 2049 535 2119; x_wconf 80' lang='lat' dir='ltr'>prosperis</span> <span class='ocrx_word' id='word_1_115' title='bbox 555 2058 675 2103; x_wconf 86' lang='lat' dir='ltr'>rotornrn</span> <span class='ocrx_word' id='word_1_116' title='bbox 690 2046 916 2109; x_wconf 84' lang='lat' dir='ltr'>arediocritatem,</span> <span class='ocrx_word' id='word_1_117' title='bbox 934 2043 962 2098; x_wconf 91' lang='lat' dir='ltr'>iu</span> <span class='ocrx_word' id='word_1_118' title='bbox 975 2042 1026 2099; x_wconf 93' lang='lat' dir='ltr'>do·</span> 
     </span>
     <span class='ocr_line' id='line_1_19' title="bbox 234 2138 1027 2213; baseline -0.005 -18"><span class='ocrx_word' id='word_1_119' title='bbox 234 2140 364 2213; x_wconf 80' lang='lat' dir='ltr'>ganatibus</span> <span class='ocrx_word' id='word_1_120' title='bbox 378 2157 442 2197; x_wconf 87' lang='lat' dir='ltr'>vero</span> <span class='ocrx_word' id='word_1_121' title='bbox 463 2138 524 2196; x_wconf 86' lang='lat' dir='ltr'>bdei</span> <span class='ocrx_word' id='word_1_122' title='bbox 537 2139 708 2197; x_wconf 90' lang='lat' dir='ltr'>consiliorum</span> <span class='ocrx_word' id='word_1_123' title='bbox 722 2141 912 2211; x_wconf 88' lang='lat' dir='ltr'>perennitatem</span> <span class='ocrx_word' id='word_1_124' title='bbox 929 2156 935 2192; x_wconf 94' lang='lat'><strong>:</strong></span> <span class='ocrx_word' id='word_1_125' title='bbox 951 2148 1027 2205; x_wconf 90' lang='lat' dir='ltr'>opta-</span> 
     </span>
     <span class='ocr_line' id='line_1_20' title="bbox 235 2230 1026 2304; baseline -0.006 -18"><span class='ocrx_word' id='word_1_126' title='bbox 235 2248 358 2304; x_wconf 82' lang='lat' dir='ltr'>musque,</span> <span class='ocrx_word' id='word_1_127' title='bbox 384 2234 724 2304; x_wconf 87' lang='lat' dir='ltr'>persecutionumtumore</span> <span class='ocrx_word' id='word_1_128' title='bbox 745 2245 920 2301; x_wconf 80' lang='lat' dir='ltr'>compresso,</span> <span class='ocrx_word' id='word_1_129' title='bbox 945 2230 1026 2284; x_wconf 86' lang='lat' dir='ltr'>etiam</span> 
     </span>
     <span class='ocr_line' id='line_1_21' title="bbox 233 2316 1027 2399; baseline -0.011 -15"><span class='ocrx_word' id='word_1_130' title='bbox 233 2328 341 2399; x_wconf 89' lang='lat' dir='ltr'>populis</span> <span class='ocrx_word' id='word_1_131' title='bbox 351 2327 511 2383; x_wconf 78' lang='lat' dir='ltr'>subvenire:</span> <span class='ocrx_word' id='word_1_132' title='bbox 526 2333 552 2380; x_wconf 90' lang='lat' dir='ltr'>at</span> <span class='ocrx_word' id='word_1_133' title='bbox 567 2326 588 2381; x_wconf 92' lang='lat' dir='ltr'>si</span> <span class='ocrx_word' id='word_1_134' title='bbox 605 2326 691 2381; x_wconf 90' lang='lat' dir='ltr'>iduuu</span> <span class='ocrx_word' id='word_1_135' title='bbox 706 2324 818 2391; x_wconf 86' lang='lat' dir='ltr'>aecidat,</span> <span class='ocrx_word' id='word_1_136' title='bbox 834 2331 886 2376; x_wconf 87' lang='lat' dir='ltr'>stat</span> <span class='ocrx_word' id='word_1_137' title='bbox 897 2316 1027 2391; x_wconf 76' lang='lat' dir='ltr'>quidquid</span> 
     </span>
     <span class='ocr_line' id='line_1_22' title="bbox 232 2414 1023 2485; baseline -0.008 -10"><span class='ocrx_word' id='word_1_138' title='bbox 232 2421 359 2476; x_wconf 86' lang='lat' dir='ltr'>acerbum</span> <span class='ocrx_word' id='word_1_139' title='bbox 373 2417 447 2475; x_wconf 88' lang='lat' dir='ltr'>estin</span> <span class='ocrx_word' id='word_1_140' title='bbox 462 2417 662 2474; x_wconf 89' lang='lat' dir='ltr'>coutumeliiset</span> <span class='ocrx_word' id='word_1_141' title='bbox 675 2416 797 2485; x_wconf 85' lang='lat' dir='ltr'>periculis</span> <span class='ocrx_word' id='word_1_142' title='bbox 813 2414 926 2485; x_wconf 88' lang='lat' dir='ltr'>perpeti,</span> <span class='ocrx_word' id='word_1_143' title='bbox 942 2429 1023 2485; x_wconf 75' lang='lat' dir='ltr'>quam</span> 
     </span>
     <span class='ocr_line' id='line_1_23' title="bbox 234 2507 883 2581; baseline -0.008 -14"><span class='ocrx_word' id='word_1_144' title='bbox 234 2521 287 2569; x_wconf 81' lang='lat' dir='ltr'>tion</span> <span class='ocrx_word' id='word_1_145' title='bbox 300 2512 415 2567; x_wconf 75' lang='lat' dir='ltr'>uersari</span> <span class='ocrx_word' id='word_1_146' title='bbox 428 2512 543 2565; x_wconf 83' lang='lat' dir='ltr'>illuuiem</span> <span class='ocrx_word' id='word_1_147' title='bbox 557 2508 702 2581; x_wconf 89' lang='lat' dir='ltr'>sordesque</span> <span class='ocrx_word' id='word_1_148' title='bbox 716 2507 883 2563; x_wconf 84' lang='lat' dir='ltr'>blauiclueas.</span> 
     </span>
    </p>

    <p class='ocr_par' dir='ltr' id='par_1_3' title="bbox 232 2598 1031 5065">
     <span class='ocr_line' id='line_1_24' title="bbox 271 2598 1027 2673; baseline -0.003 -16"><span class='ocrx_word' id='word_1_149' title='bbox 271 2606 339 2660; x_wconf 79' lang='lat' dir='ltr'>duo.</span> <span class='ocrx_word' id='word_1_150' title='bbox 365 2604 498 2671; x_wconf 83' lang='lat' dir='ltr'>Quantum</span> <span class='ocrx_word' id='word_1_151' title='bbox 523 2600 683 2657; x_wconf 82' lang='lat' dir='ltr'>biarticlucos</span> <span class='ocrx_word' id='word_1_152' title='bbox 708 2598 1027 2673; x_wconf 78' lang='lat' dir='ltr'>atljttrel15,cuutgravc</span> 
     </span>
     <span class='ocr_line' id='line_1_25' title="bbox 232 2689 1027 2767; baseline -0.006 -18"><span class='ocrx_word' id='word_1_153' title='bbox 232 2695 325 2767; x_wconf 77' lang='lat' dir='ltr'>logum</span> <span class='ocrx_word' id='word_1_154' title='bbox 348 2708 429 2765; x_wconf 87' lang='lat' dir='ltr'>super</span> <span class='ocrx_word' id='word_1_155' title='bbox 440 2694 508 2748; x_wconf 81' lang='lat' dir='ltr'>lilios</span> <span class='ocrx_word' id='word_1_156' title='bbox 520 2694 603 2748; x_wconf 81' lang='lat' dir='ltr'>ddam</span> <span class='ocrx_word' id='word_1_157' title='bbox 626 2692 693 2748; x_wconf 91' lang='lat' dir='ltr'>adie</span> <span class='ocrx_word' id='word_1_158' title='bbox 707 2692 793 2747; x_wconf 90' lang='lat' dir='ltr'>exitus</span> <span class='ocrx_word' id='word_1_159' title='bbox 815 2689 953 2747; x_wconf 81' lang='lat' dir='ltr'>devenire</span> <span class='ocrx_word' id='word_1_160' title='bbox 967 2706 1027 2745; x_wconf 92' lang='lat' dir='ltr'>ma-</span> 
     </span>
     <span class='ocr_line' id='line_1_26' title="bbox 235 2782 1027 2859; baseline -0.009 -16"><span class='ocrx_word' id='word_1_161' title='bbox 235 2788 284 2843; x_wconf 87' lang='lat' dir='ltr'>tris</span> <span class='ocrx_word' id='word_1_162' title='bbox 298 2801 390 2843; x_wconf 87' lang='lat' dir='ltr'>eorum</span> <span class='ocrx_word' id='word_1_163' title='bbox 404 2786 413 2859; x_wconf 95' lang='lat'>(</span> <span class='ocrx_word' id='word_1_164' title='bbox 428 2786 506 2841; x_wconf 77' lang='lat' dir='ltr'>ticeli.</span> <span class='ocrx_word' id='word_1_165' title='bbox 521 2804 564 2854; x_wconf 81' lang='lat' dir='ltr'>xa,</span> <span class='ocrx_word' id='word_1_166' title='bbox 577 2786 612 2859; x_wconf 94' lang='lat' dir='ltr'>l)</span> <span class='ocrx_word' id='word_1_167' title='bbox 627 2802 678 2841; x_wconf 96' lang='lat' dir='ltr'>nou</span> <span class='ocrx_word' id='word_1_168' title='bbox 704 2784 820 2840; x_wconf 84' lang='lat' dir='ltr'>tribuitis</span> <span class='ocrx_word' id='word_1_169' title='bbox 844 2782 1027 2853; x_wconf 74' lang='lat' dir='ltr'>iustoiudicio</span> 
     </span>
     <span class='ocr_line' id='line_1_27' title="bbox 235 2871 1028 2951; baseline -0.005 -15"><span class='ocrx_word' id='word_1_170' title='bbox 235 2880 294 2948; x_wconf 84' lang='lat' dir='ltr'>uei,</span> <span class='ocrx_word' id='word_1_171' title='bbox 307 2889 416 2951; x_wconf 87' lang='lat' dir='ltr'>propter</span> <span class='ocrx_word' id='word_1_172' title='bbox 431 2880 559 2951; x_wconf 76' lang='lat' dir='ltr'>originale</span> <span class='ocrx_word' id='word_1_173' title='bbox 581 2890 729 2951; x_wconf 85' lang='lat' dir='ltr'>peccatum,</span> <span class='ocrx_word' id='word_1_174' title='bbox 744 2892 776 2932; x_wconf 86' lang='lat' dir='ltr'>ac</span> <span class='ocrx_word' id='word_1_175' title='bbox 788 2878 826 2933; x_wconf 91' lang='lat' dir='ltr'>sic</span> <span class='ocrx_word' id='word_1_176' title='bbox 840 2878 927 2932; x_wconf 91' lang='lat' dir='ltr'>locum</span> <span class='ocrx_word' id='word_1_177' title='bbox 942 2871 1028 2932; x_wconf 87' lang='lat' dir='ltr'>lacitis</span> 
     </span>
     <span class='ocr_line' id='line_1_28' title="bbox 234 2966 1025 3045; baseline -0.008 -17"><span class='ocrx_word' id='word_1_178' title='bbox 234 2974 328 3031; x_wconf 86' lang='lat' dir='ltr'>alienae</span> <span class='ocrx_word' id='word_1_179' title='bbox 338 2983 438 3030; x_wconf 74' lang='lat' dir='ltr'>nattrrae</span> <span class='ocrx_word' id='word_1_180' title='bbox 446 2974 517 3036; x_wconf 82' lang='lat' dir='ltr'>attali,</span> <span class='ocrx_word' id='word_1_181' title='bbox 528 2990 606 3045; x_wconf 82' lang='lat' dir='ltr'>qumu</span> <span class='ocrx_word' id='word_1_182' title='bbox 617 2971 696 3027; x_wconf 87' lang='lat' dir='ltr'>tradit</span> <span class='ocrx_word' id='word_1_183' title='bbox 707 2966 814 3026; x_wconf 82' lang='lat' dir='ltr'>insaniis</span> <span class='ocrx_word' id='word_1_184' title='bbox 822 2984 899 3025; x_wconf 91' lang='lat' dir='ltr'>error</span> <span class='ocrx_word' id='word_1_185' title='bbox 907 2968 1025 3037; x_wconf 87' lang='lat' dir='ltr'>illorum,</span> 
     </span>
     <span class='ocr_line' id='line_1_29' title="bbox 234 3062 1027 3139; baseline -0.009 -16"><span class='ocrx_word' id='word_1_186' title='bbox 234 3076 262 3124; x_wconf 93' lang='lat' dir='ltr'>et</span> <span class='ocrx_word' id='word_1_187' title='bbox 277 3082 349 3139; x_wconf 76' lang='lat' dir='ltr'>saepe</span> <span class='ocrx_word' id='word_1_188' title='bbox 367 3066 565 3134; x_wconf 90' lang='lat' dir='ltr'>admonuimus,</span> <span class='ocrx_word' id='word_1_189' title='bbox 579 3074 606 3120; x_wconf 90' lang='lat' dir='ltr'>et</span> <span class='ocrx_word' id='word_1_190' title='bbox 621 3066 663 3119; x_wconf 92' lang='lat' dir='ltr'>ubi</span> <span class='ocrx_word' id='word_1_191' title='bbox 678 3072 855 3135; x_wconf 87' lang='lat' dir='ltr'>opportunum</span> <span class='ocrx_word' id='word_1_192' title='bbox 868 3062 953 3116; x_wconf 84' lang='lat' dir='ltr'>visum</span> <span class='ocrx_word' id='word_1_193' title='bbox 969 3062 1027 3116; x_wconf 87' lang='lat' dir='ltr'>lue·</span> 
     </span>
     <span class='ocr_line' id='line_1_30' title="bbox 234 3154 1028 3228; baseline -0.009 -11"><span class='ocrx_word' id='word_1_194' title='bbox 234 3162 278 3228; x_wconf 91' lang='lat' dir='ltr'>rit,</span> <span class='ocrx_word' id='word_1_195' title='bbox 296 3178 348 3217; x_wconf 90' lang='lat' dir='ltr'>nou</span> <span class='ocrx_word' id='word_1_196' title='bbox 373 3160 536 3218; x_wconf 75' lang='lat' dir='ltr'>cessabimus</span> <span class='ocrx_word' id='word_1_197' title='bbox 556 3158 710 3216; x_wconf 90' lang='lat' dir='ltr'>admonere.</span> <span class='ocrx_word' id='word_1_198' title='bbox 730 3154 806 3212; x_wconf 88' lang='lat' dir='ltr'>Nunc</span> <span class='ocrx_word' id='word_1_199' title='bbox 828 3154 952 3226; x_wconf 78' lang='lat' dir='ltr'>quoidam</span> <span class='ocrx_word' id='word_1_200' title='bbox 980 3168 1028 3210; x_wconf 84' lang='lat' dir='ltr'>ros</span> 
     </span>
     <span class='ocr_line' id='line_1_31' title="bbox 235 3247 1027 3326; baseline -0.013 -16"><span class='ocrx_word' id='word_1_201' title='bbox 235 3257 270 3310; x_wconf 89' lang='lat' dir='ltr'>ita</span> <span class='ocrx_word' id='word_1_202' title='bbox 288 3255 368 3311; x_wconf 87' lang='lat' dir='ltr'>lortes</span> <span class='ocrx_word' id='word_1_203' title='bbox 387 3270 447 3310; x_wconf 89' lang='lat' dir='ltr'>csse</span> <span class='ocrx_word' id='word_1_204' title='bbox 458 3254 575 3326; x_wconf 83' lang='lat' dir='ltr'>jactatis,</span> <span class='ocrx_word' id='word_1_205' title='bbox 590 3261 620 3307; x_wconf 90' lang='lat' dir='ltr'>ut</span> <span class='ocrx_word' id='word_1_206' title='bbox 646 3260 733 3306; x_wconf 81' lang='lat' dir='ltr'>tantm</span> <span class='ocrx_word' id='word_1_207' title='bbox 757 3265 806 3322; x_wconf 89' lang='lat' dir='ltr'>pro</span> <span class='ocrx_word' id='word_1_208' title='bbox 829 3248 920 3303; x_wconf 93' lang='lat' dir='ltr'>multis</span> <span class='ocrx_word' id='word_1_209' title='bbox 946 3247 1027 3302; x_wconf 88' lang='lat' dir='ltr'>etiam</span> 
     </span>
     <span class='ocr_line' id='line_1_32' title="bbox 234 3341 1026 3419; baseline -0.01 -17"><span class='ocrx_word' id='word_1_210' title='bbox 234 3356 340 3412; x_wconf 88' lang='lat' dir='ltr'>restra,</span> <span class='ocrx_word' id='word_1_211' title='bbox 363 3347 484 3419; x_wconf 85' lang='lat' dir='ltr'>qrtaurris</span> <span class='ocrx_word' id='word_1_212' title='bbox 512 3364 523 3398; x_wconf 85' lang='grc' dir='ltr'>ι</span> <span class='ocrx_word' id='word_1_213' title='bbox 549 3343 692 3400; x_wconf 88' lang='lat' dir='ltr'>mediocria</span> <span class='ocrx_word' id='word_1_214' title='bbox 721 3352 791 3409; x_wconf 86' lang='lat' dir='ltr'>rota,</span> <span class='ocrx_word' id='word_1_215' title='bbox 810 3341 1026 3408; x_wconf 75' lang='lat' dir='ltr'>›commendcs,</span> 
     </span>
     <span class='ocr_line' id='line_1_33' title="bbox 235 3436 1028 3512; baseline -0.005 -18"><span class='ocrx_word' id='word_1_216' title='bbox 235 3441 341 3512; x_wconf 84' lang='lat' dir='ltr'>quibus,</span> <span class='ocrx_word' id='word_1_217' title='bbox 370 3439 489 3502; x_wconf 91' lang='lat' dir='ltr'>utdicis,</span> <span class='ocrx_word' id='word_1_218' title='bbox 521 3458 529 3490; x_wconf 85' lang='lat' dir='ltr'>r</span> <span class='ocrx_word' id='word_1_219' title='bbox 553 3437 651 3508; x_wconf 86' lang='lat' dir='ltr'>optatis</span> <span class='ocrx_word' id='word_1_220' title='bbox 679 3436 894 3506; x_wconf 87' lang='lat' dir='ltr'>persecutionum</span> <span class='ocrx_word' id='word_1_221' title='bbox 922 3444 1028 3490; x_wconf 89' lang='lat' dir='ltr'>tumore</span> 
     </span>
     <span class='ocr_line' id='line_1_34' title="bbox 234 3527 1028 3604; baseline -0.006 -17"><span class='ocrx_word' id='word_1_222' title='bbox 234 3547 388 3604; x_wconf 88' lang='lat' dir='ltr'>compresso</span> <span class='ocrx_word' id='word_1_223' title='bbox 406 3531 496 3603; x_wconf 88' lang='lat' dir='ltr'>populi</span> <span class='ocrx_word' id='word_1_224' title='bbox 521 3529 663 3585; x_wconf 83' lang='lat' dir='ltr'>subvenire</span> <span class='ocrx_word' id='word_1_225' title='bbox 679 3546 686 3581; x_wconf 73' lang='grc' dir='ltr'><em>τ</em></span> <span class='ocrx_word' id='word_1_226' title='bbox 706 3527 1028 3599; x_wconf 61' lang='lat' dir='ltr'>speciosissimarum</span> 
     </span>
     <span class='ocr_line' id='line_1_35' title="bbox 235 3618 1029 3695; baseline -0.009 -15"><span class='ocrx_word' id='word_1_227' title='bbox 235 3623 263 3681; x_wconf 92' lang='lat' dir='ltr'>id</span> <span class='ocrx_word' id='word_1_228' title='bbox 283 3639 299 3679; x_wconf 90' lang='lat' dir='ltr'>a</span> <span class='ocrx_word' id='word_1_229' title='bbox 324 3624 438 3680; x_wconf 86' lang='lat' dir='ltr'>Douriuo</span> <span class='ocrx_word' id='word_1_230' title='bbox 450 3621 556 3695; x_wconf 87' lang='lat' dir='ltr'>optetis.</span> <span class='ocrx_word' id='word_1_231' title='bbox 573 3619 686 3693; x_wconf 79' lang='lat' dir='ltr'>Quodsi</span> <span class='ocrx_word' id='word_1_232' title='bbox 707 3635 760 3674; x_wconf 92' lang='lat' dir='ltr'>uon</span> <span class='ocrx_word' id='word_1_233' title='bbox 775 3618 871 3685; x_wconf 87' lang='lat' dir='ltr'>tacitis,</span> <span class='ocrx_word' id='word_1_234' title='bbox 888 3634 941 3673; x_wconf 89' lang='lat' dir='ltr'>uon</span> <span class='ocrx_word' id='word_1_235' title='bbox 966 3626 1029 3674; x_wconf 91' lang='lat' dir='ltr'>suut</span> 
     </span>
     <span class='ocr_line' id='line_1_36' title="bbox 236 3709 1029 3782; baseline -0.008 -11"><span class='ocrx_word' id='word_1_236' title='bbox 236 3715 286 3771; x_wconf 87' lang='lat' dir='ltr'>ista</span> <span class='ocrx_word' id='word_1_237' title='bbox 301 3726 361 3770; x_wconf 79' lang='lat' dir='ltr'>roci</span> <span class='ocrx_word' id='word_1_238' title='bbox 378 3715 522 3771; x_wconf 86' lang='lat' dir='ltr'>christiana</span> <span class='ocrx_word' id='word_1_239' title='bbox 537 3733 544 3768; x_wconf 93' lang='lat'><strong>:</strong></span> <span class='ocrx_word' id='word_1_240' title='bbox 561 3715 583 3768; x_wconf 92' lang='lat' dir='ltr'>si</span> <span class='ocrx_word' id='word_1_241' title='bbox 605 3722 694 3768; x_wconf 90' lang='lat' dir='ltr'>autem</span> <span class='ocrx_word' id='word_1_242' title='bbox 708 3710 805 3776; x_wconf 79' lang='lat' dir='ltr'>facitis,</span> <span class='ocrx_word' id='word_1_243' title='bbox 819 3709 953 3782; x_wconf 84' lang='lat' dir='ltr'>quomodo</span> <span class='ocrx_word' id='word_1_244' title='bbox 967 3725 1029 3781; x_wconf 91' lang='lat' dir='ltr'>spe-</span> 
     </span>
     <span class='ocr_line' id='line_1_37' title="bbox 233 3795 1027 3877; baseline -0.009 -11"><span class='ocrx_word' id='word_1_245' title='bbox 233 3811 309 3874; x_wconf 86' lang='lat' dir='ltr'>ratis,</span> <span class='ocrx_word' id='word_1_246' title='bbox 325 3806 456 3867; x_wconf 87' lang='lat' dir='ltr'>exauditis</span> <span class='ocrx_word' id='word_1_247' title='bbox 474 3807 543 3864; x_wconf 88' lang='lat' dir='ltr'>rotis</span> <span class='ocrx_word' id='word_1_248' title='bbox 554 3795 660 3875; x_wconf 83' lang='lat' dir='ltr'>restris,</span> <span class='ocrx_word' id='word_1_249' title='bbox 683 3805 736 3862; x_wconf 86' lang='lat' dir='ltr'>lroc</span> <span class='ocrx_word' id='word_1_250' title='bbox 756 3804 898 3862; x_wconf 84' lang='lat' dir='ltr'>Dominum</span> <span class='ocrx_word' id='word_1_251' title='bbox 915 3805 1027 3877; x_wconf 78' lang='lat' dir='ltr'>largitu-</span> 
     </span>
     <span class='ocr_line' id='line_1_38' title="bbox 234 3897 1026 3974; baseline -0.008 -14"><span class='ocrx_word' id='word_1_252' title='bbox 234 3903 426 3974; x_wconf 85' lang='lat' dir='ltr'>rumlNempe</span> <span class='ocrx_word' id='word_1_253' title='bbox 451 3913 480 3958; x_wconf 89' lang='lat' dir='ltr'>ut</span> <span class='ocrx_word' id='word_1_254' title='bbox 494 3900 575 3958; x_wconf 89' lang='lat' dir='ltr'>corda</span> <span class='ocrx_word' id='word_1_255' title='bbox 601 3900 738 3956; x_wconf 80' lang='lat' dir='ltr'>luoruiuum</span> <span class='ocrx_word' id='word_1_256' title='bbox 761 3916 820 3972; x_wconf 79' lang='lat' dir='ltr'>que</span> <span class='ocrx_word' id='word_1_257' title='bbox 835 3897 946 3954; x_wconf 87' lang='lat' dir='ltr'>adversa</span> <span class='ocrx_word' id='word_1_258' title='bbox 961 3906 1026 3954; x_wconf 90' lang='lat' dir='ltr'>suut</span> 
     </span>
     <span class='ocr_line' id='line_1_39' title="bbox 234 3990 1028 4063; baseline -0.008 -11"><span class='ocrx_word' id='word_1_259' title='bbox 234 3998 320 4063; x_wconf 84' lang='lat' dir='ltr'>robis,</span> <span class='ocrx_word' id='word_1_260' title='bbox 335 3997 361 4051; x_wconf 94' lang='lat' dir='ltr'>in</span> <span class='ocrx_word' id='word_1_261' title='bbox 380 4007 498 4051; x_wconf 91' lang='lat' dir='ltr'>restrum</span> <span class='ocrx_word' id='word_1_262' title='bbox 511 3995 626 4050; x_wconf 88' lang='lat' dir='ltr'>laroretn</span> <span class='ocrx_word' id='word_1_263' title='bbox 650 4004 678 4049; x_wconf 89' lang='lat' dir='ltr'>et</span> <span class='ocrx_word' id='word_1_264' title='bbox 699 4008 817 4048; x_wconf 81' lang='lat' dir='ltr'>artiorem</span> <span class='ocrx_word' id='word_1_265' title='bbox 840 4001 986 4047; x_wconf 85' lang='lat' dir='ltr'>convertat.</span> <span class='ocrx_word' id='word_1_266' title='bbox 1000 3990 1028 4047; x_wconf 90' lang='lat' dir='ltr'>Si</span> 
     </span>
     <span class='ocr_line' id='line_1_40' title="bbox 234 4083 1028 4157; baseline -0.009 -12"><span class='ocrx_word' id='word_1_267' title='bbox 234 4089 286 4145; x_wconf 87' lang='lat' dir='ltr'>hoe</span> <span class='ocrx_word' id='word_1_268' title='bbox 301 4089 419 4155; x_wconf 88' lang='lat' dir='ltr'>creditis,</span> <span class='ocrx_word' id='word_1_269' title='bbox 440 4087 609 4157; x_wconf 82' lang='lat' dir='ltr'>protertstts;</span> <span class='ocrx_word' id='word_1_270' title='bbox 626 4100 675 4140; x_wconf 82' lang='lat' dir='ltr'>ros</span> <span class='ocrx_word' id='word_1_271' title='bbox 694 4083 766 4155; x_wconf 86' lang='lat' dir='ltr'>ipsos</span> <span class='ocrx_word' id='word_1_272' title='bbox 779 4093 935 4140; x_wconf 86' lang='lat' dir='ltr'>convertere</span> <span class='ocrx_word' id='word_1_273' title='bbox 945 4084 966 4150; x_wconf 90' lang='lat'>¹,</span> <span class='ocrx_word' id='word_1_274' title='bbox 980 4098 1028 4138; x_wconf 84' lang='lat' dir='ltr'>uos</span> 
     </span>
     <span class='ocr_line' id='line_1_41' title="bbox 235 4173 1025 4250; baseline -0.01 -14"><span class='ocrx_word' id='word_1_275' title='bbox 235 4179 308 4250; x_wconf 88' lang='lat' dir='ltr'>ipsos</span> <span class='ocrx_word' id='word_1_276' title='bbox 330 4181 356 4235; x_wconf 89' lang='lat' dir='ltr'>iu</span> <span class='ocrx_word' id='word_1_277' title='bbox 371 4178 465 4234; x_wconf 92' lang='lat' dir='ltr'>melius</span> <span class='ocrx_word' id='word_1_278' title='bbox 481 4187 584 4234; x_wconf 89' lang='lat' dir='ltr'>mutare</span> <span class='ocrx_word' id='word_1_279' title='bbox 605 4177 661 4247; x_wconf 81' lang='lat' dir='ltr'>jam</span> <span class='ocrx_word' id='word_1_280' title='bbox 675 4173 765 4247; x_wconf 88' lang='lat' dir='ltr'>coepit.</span> <span class='ocrx_word' id='word_1_281' title='bbox 780 4173 910 4246; x_wconf 82' lang='lat' dir='ltr'>Cogitate,</span> <span class='ocrx_word' id='word_1_282' title='bbox 925 4189 1025 4246; x_wconf 72' lang='lat' dir='ltr'>quaeso,</span> 
     </span>
     <span class='ocr_line' id='line_1_42' title="bbox 236 4267 1028 4343; baseline -0.009 -14"><span class='ocrx_word' id='word_1_283' title='bbox 236 4273 317 4341; x_wconf 89' lang='lat' dir='ltr'>istud,</span> <span class='ocrx_word' id='word_1_284' title='bbox 340 4282 420 4343; x_wconf 81' lang='lat' dir='ltr'>atque</span> <span class='ocrx_word' id='word_1_285' title='bbox 447 4271 571 4334; x_wconf 88' lang='lat' dir='ltr'>retinete,</span> <span class='ocrx_word' id='word_1_286' title='bbox 600 4269 760 4339; x_wconf 76' lang='lat' dir='ltr'>[anatemque</span> <span class='ocrx_word' id='word_1_287' title='bbox 783 4267 903 4323; x_wconf 78' lang='lat' dir='ltr'>letemini</span> <span class='ocrx_word' id='word_1_288' title='bbox 919 4268 1028 4337; x_wconf 87' lang='lat' dir='ltr'>operari</span> 
     </span>
     <span class='ocr_line' id='line_1_43' title="bbox 235 4350 1029 4438; baseline -0.014 -15"><span class='ocrx_word' id='word_1_289' title='bbox 235 4366 445 4438; x_wconf 88' lang='lat' dir='ltr'>omnipotentem</span> <span class='ocrx_word' id='word_1_290' title='bbox 461 4365 542 4420; x_wconf 86' lang='lat' dir='ltr'>Deum</span> <span class='ocrx_word' id='word_1_291' title='bbox 557 4361 582 4416; x_wconf 90' lang='lat' dir='ltr'>in</span> <span class='ocrx_word' id='word_1_292' title='bbox 603 4361 729 4417; x_wconf 85' lang='lat' dir='ltr'>cordibus</span> <span class='ocrx_word' id='word_1_293' title='bbox 748 4350 886 4416; x_wconf 90' lang='lat' dir='ltr'>bominum</span> <span class='ocrx_word' id='word_1_294' title='bbox 906 4359 1029 4415; x_wconf 83' lang='lat' dir='ltr'>voluuta-</span> 
     </span>
     <span class='ocr_line' id='line_1_44' title="bbox 234 4439 1029 4528; baseline -0.013 -12"><span class='ocrx_word' id='word_1_295' title='bbox 234 4468 287 4527; x_wconf 87' lang='lat' dir='ltr'>tes,</span> <span class='ocrx_word' id='word_1_296' title='bbox 309 4471 470 4528; x_wconf 85' lang='lat' dir='ltr'>aversosque</span> <span class='ocrx_word' id='word_1_297' title='bbox 488 4451 666 4510; x_wconf 71' lang='lat' dir='ltr'>conuertere?</span> <span class='ocrx_word' id='word_1_298' title='bbox 686 4451 722 4506; x_wconf 88' lang='lat' dir='ltr'>ita</span> <span class='ocrx_word' id='word_1_299' title='bbox 740 4439 799 4524; x_wconf 65' lang='lat' dir='ltr'>ejus</span> <span class='ocrx_word' id='word_1_300' title='bbox 818 4448 1029 4506; x_wconf 88' lang='lat' dir='ltr'>misericordiam</span> 
     </span>
     <span class='ocr_line' id='line_1_45' title="bbox 235 4541 1029 4622; baseline -0.009 -17"><span class='ocrx_word' id='word_1_301' title='bbox 235 4551 401 4622; x_wconf 77' lang='lat' dir='ltr'>gratiamque</span> <span class='ocrx_word' id='word_1_302' title='bbox 427 4545 556 4619; x_wconf 86' lang='lat' dir='ltr'>sapietis:</span> <span class='ocrx_word' id='word_1_303' title='bbox 573 4553 601 4601; x_wconf 92' lang='lat' dir='ltr'>et</span> <span class='ocrx_word' id='word_1_304' title='bbox 627 4545 671 4600; x_wconf 92' lang='lat' dir='ltr'>nbi</span> <span class='ocrx_word' id='word_1_305' title='bbox 696 4543 748 4600; x_wconf 92' lang='lat' dir='ltr'>hoc</span> <span class='ocrx_word' id='word_1_306' title='bbox 773 4556 827 4599; x_wconf 88' lang='lat' dir='ltr'>aon</span> <span class='ocrx_word' id='word_1_307' title='bbox 846 4543 917 4616; x_wconf 78' lang='lat' dir='ltr'>agit,</span> <span class='ocrx_word' id='word_1_308' title='bbox 930 4541 1029 4613; x_wconf 77' lang='lat' dir='ltr'>iudicia</span> 
     </span>
     <span class='ocr_line' id='line_1_46' title="bbox 235 4635 1028 4721; baseline -0.009 -21"><span class='ocrx_word' id='word_1_309' title='bbox 235 4643 349 4710; x_wconf 90' lang='lat' dir='ltr'>occulta,</span> <span class='ocrx_word' id='word_1_310' title='bbox 364 4643 412 4699; x_wconf 89' lang='lat' dir='ltr'>sed</span> <span class='ocrx_word' id='word_1_311' title='bbox 428 4641 518 4721; x_wconf 65' lang='lat' dir='ltr'>justa</span> <span class='ocrx_word' id='word_1_312' title='bbox 533 4639 578 4696; x_wconf 87' lang='lat' dir='ltr'>Sic</span> <span class='ocrx_word' id='word_1_313' title='bbox 600 4647 660 4694; x_wconf 90' lang='lat' dir='ltr'>rota</span> <span class='ocrx_word' id='word_1_314' title='bbox 678 4646 769 4693; x_wconf 89' lang='lat' dir='ltr'>nostra</span> <span class='ocrx_word' id='word_1_315' title='bbox 795 4637 883 4710; x_wconf 91' lang='lat' dir='ltr'>potius</span> <span class='ocrx_word' id='word_1_316' title='bbox 906 4635 1028 4694; x_wconf 89' lang='lat' dir='ltr'>lortassis</span> 
     </span>
     <span class='ocr_line' id='line_1_47' title="bbox 237 4725 1031 4800; baseline -0.008 -8"><span class='ocrx_word' id='word_1_317' title='bbox 237 4730 368 4800; x_wconf 82' lang='lat' dir='ltr'>exaudiet,</span> <span class='ocrx_word' id='word_1_318' title='bbox 390 4741 418 4790; x_wconf 90' lang='lat' dir='ltr'>ut</span> <span class='ocrx_word' id='word_1_319' title='bbox 429 4748 477 4789; x_wconf 82' lang='lat' dir='ltr'>uos</span> <span class='ocrx_word' id='word_1_320' title='bbox 486 4728 519 4787; x_wconf 89' lang='lat' dir='ltr'>ad</span> <span class='ocrx_word' id='word_1_321' title='bbox 543 4730 620 4787; x_wconf 77' lang='lat' dir='ltr'>fidem</span> <span class='ocrx_word' id='word_1_322' title='bbox 639 4730 807 4799; x_wconf 84' lang='lat' dir='ltr'>catholicam,</span> <span class='ocrx_word' id='word_1_323' title='bbox 824 4730 894 4786; x_wconf 89' lang='lat' dir='ltr'>sicut</span> <span class='ocrx_word' id='word_1_324' title='bbox 908 4725 1031 4786; x_wconf 87' lang='lat' dir='ltr'>Turbau·</span> 
     </span>
     <span class='ocr_line' id='line_1_48' title="bbox 238 4823 1028 4897; baseline -0.008 -15"><span class='ocrx_word' id='word_1_325' title='bbox 238 4827 391 4897; x_wconf 90' lang='lat' dir='ltr'>tinmpanlo</span> <span class='ocrx_word' id='word_1_326' title='bbox 405 4836 467 4880; x_wconf 89' lang='lat' dir='ltr'>ante</span> <span class='ocrx_word' id='word_1_327' title='bbox 483 4834 612 4890; x_wconf 88' lang='lat' dir='ltr'>restrum,</span> <span class='ocrx_word' id='word_1_328' title='bbox 637 4838 707 4877; x_wconf 92' lang='lat' dir='ltr'>nune</span> <span class='ocrx_word' id='word_1_329' title='bbox 732 4838 798 4878; x_wconf 83' lang='lat' dir='ltr'>vcro</span> <span class='ocrx_word' id='word_1_330' title='bbox 822 4838 882 4878; x_wconf 90' lang='lat' dir='ltr'>esse</span> <span class='ocrx_word' id='word_1_331' title='bbox 900 4823 954 4892; x_wconf 81' lang='lat' dir='ltr'>jam</span> <span class='ocrx_word' id='word_1_332' title='bbox 977 4837 1028 4877; x_wconf 92' lang='lat' dir='ltr'>no·</span> 
     </span>
     <span class='ocr_line' id='line_1_49' title="bbox 238 4913 1029 4988; baseline -0.009 -15"><span class='ocrx_word' id='word_1_333' title='bbox 238 4927 332 4983; x_wconf 90' lang='lat' dir='ltr'>strum,</span> <span class='ocrx_word' id='word_1_334' title='bbox 344 4916 424 4971; x_wconf 91' lang='lat' dir='ltr'>simili</span> <span class='ocrx_word' id='word_1_335' title='bbox 439 4933 487 4973; x_wconf 92' lang='lat' dir='ltr'>sua</span> <span class='ocrx_word' id='word_1_336' title='bbox 500 4915 656 4988; x_wconf 90' lang='lat' dir='ltr'>operatione</span> <span class='ocrx_word' id='word_1_337' title='bbox 677 4923 756 4985; x_wconf 84' lang='lat' dir='ltr'>atque</span> <span class='ocrx_word' id='word_1_338' title='bbox 768 4913 940 4970; x_wconf 90' lang='lat' dir='ltr'>miseratione</span> <span class='ocrx_word' id='word_1_339' title='bbox 965 4930 1029 4967; x_wconf 86' lang='lat' dir='ltr'>curr-</span> 
     </span>
     <span class='ocr_line' id='line_1_50' title="bbox 236 5017 330 5065; baseline -0.021 -2"><span class='ocrx_word' id='word_1_340' title='bbox 236 5017 330 5065; x_wconf 82' lang='lat' dir='ltr'>uertat.</span> 
     </span>
    </p>

    <p class='ocr_par' dir='ltr' id='par_1_4' title="bbox 235 5093 1031 5726">
     <span class='ocr_line' id='line_1_51' title="bbox 273 5093 1029 5170; baseline -0.004 -16"><span class='ocrx_word' id='word_1_341' title='bbox 273 5099 305 5157; x_wconf 84' lang='lat' dir='ltr'>v.</span> <span class='ocrx_word' id='word_1_342' title='bbox 321 5094 381 5156; x_wconf 82' lang='lat' dir='ltr'>tna.</span> <span class='ocrx_word' id='word_1_343' title='bbox 396 5097 449 5154; x_wconf 88' lang='lat' dir='ltr'>Sed</span> <span class='ocrx_word' id='word_1_344' title='bbox 468 5097 523 5167; x_wconf 84' lang='lat' dir='ltr'>jam</span> <span class='ocrx_word' id='word_1_345' title='bbox 538 5095 723 5170; x_wconf 71' lang='lat' dir='ltr'>aggrediamur</span> <span class='ocrx_word' id='word_1_346' title='bbox 736 5093 770 5152; x_wconf 92' lang='lat' dir='ltr'>ad</span> <span class='ocrx_word' id='word_1_347' title='bbox 794 5111 913 5151; x_wconf 90' lang='lat' dir='ltr'>eausam.</span> <span class='ocrx_word' id='word_1_348' title='bbox 927 5093 1029 5151; x_wconf 84' lang='lat' dir='ltr'>Claruit</span> 
     </span>
     <span class='ocr_line' id='line_1_52' title="bbox 237 5187 1029 5268; baseline -0.006 -18"><span class='ocrx_word' id='word_1_349' title='bbox 237 5203 290 5250; x_wconf 84' lang='lat' dir='ltr'>tant</span> <span class='ocrx_word' id='word_1_350' title='bbox 307 5192 397 5268; x_wconf 89' lang='lat' dir='ltr'>priore</span> <span class='ocrx_word' id='word_1_351' title='bbox 417 5194 496 5264; x_wconf 83' lang='lat' dir='ltr'>qum</span> <span class='ocrx_word' id='word_1_352' title='bbox 521 5190 645 5261; x_wconf 77' lang='lat' dir='ltr'>praesenti</span> <span class='ocrx_word' id='word_1_353' title='bbox 672 5205 762 5260; x_wconf 88' lang='lat' dir='ltr'>opere,</span> <span class='ocrx_word' id='word_1_354' title='bbox 787 5187 1029 5261; x_wconf 84' lang='lat' dir='ltr'>concupiscentiam</span> 
     </span>
     <span class='ocr_line' id='line_1_53' title="bbox 237 5274 1030 5356; baseline -0.008 -15"><span class='ocrx_word' id='word_1_355' title='bbox 237 5287 396 5349; x_wconf 87' lang='lat' dir='ltr'>naturalem,</span> <span class='ocrx_word' id='word_1_356' title='bbox 408 5274 466 5339; x_wconf 87' lang='lat' dir='ltr'>sine</span> <span class='ocrx_word' id='word_1_357' title='bbox 486 5299 538 5356; x_wconf 90' lang='lat' dir='ltr'>qua</span> <span class='ocrx_word' id='word_1_358' title='bbox 548 5297 659 5338; x_wconf 90' lang='lat' dir='ltr'>sexuum</span> <span class='ocrx_word' id='word_1_359' title='bbox 672 5298 725 5339; x_wconf 93' lang='lat' dir='ltr'>nou</span> <span class='ocrx_word' id='word_1_360' title='bbox 747 5291 834 5354; x_wconf 89' lang='lat' dir='ltr'>potest</span> <span class='ocrx_word' id='word_1_361' title='bbox 848 5298 908 5338; x_wconf 88' lang='lat' dir='ltr'>esse</span> <span class='ocrx_word' id='word_1_362' title='bbox 921 5283 1030 5338; x_wconf 90' lang='lat' dir='ltr'>cornmi-</span> 
     </span>
     <span class='ocr_line' id='line_1_54' title="bbox 237 5373 1028 5448; baseline -0.004 -14"><span class='ocrx_word' id='word_1_363' title='bbox 237 5379 303 5444; x_wconf 84' lang='lat' dir='ltr'>xtio,</span> <span class='ocrx_word' id='word_1_364' title='bbox 317 5393 332 5432; x_wconf 92' lang='lat' dir='ltr'>a</span> <span class='ocrx_word' id='word_1_365' title='bbox 345 5375 411 5445; x_wconf 80' lang='lat' dir='ltr'>beu,</span> <span class='ocrx_word' id='word_1_366' title='bbox 425 5377 469 5448; x_wconf 88' lang='lat' dir='ltr'>qui</span> <span class='ocrx_word' id='word_1_367' title='bbox 483 5386 524 5432; x_wconf 90' lang='lat' dir='ltr'>est</span> <span class='ocrx_word' id='word_1_368' title='bbox 534 5385 562 5432; x_wconf 91' lang='lat' dir='ltr'>et</span> <span class='ocrx_word' id='word_1_369' title='bbox 575 5374 713 5431; x_wconf 89' lang='lat' dir='ltr'>homiuum</span> <span class='ocrx_word' id='word_1_370' title='bbox 724 5384 751 5430; x_wconf 91' lang='lat' dir='ltr'>ct</span> <span class='ocrx_word' id='word_1_371' title='bbox 763 5373 894 5446; x_wconf 89' lang='lat' dir='ltr'>pecudum</span> <span class='ocrx_word' id='word_1_372' title='bbox 904 5374 1028 5431; x_wconf 91' lang='lat' dir='ltr'>eonditor</span> 
     </span>
     <span class='ocr_line' id='line_1_55' title="bbox 239 5463 1031 5545; baseline -0.003 -21"><span class='ocrx_word' id='word_1_373' title='bbox 239 5471 249 5545; x_wconf 91' lang='lat'><strong>(</strong></span> <span class='ocrx_word' id='word_1_374' title='bbox 263 5467 303 5524; x_wconf 77' lang='lat' dir='ltr'>De</span> <span class='ocrx_word' id='word_1_375' title='bbox 316 5467 421 5539; x_wconf 72' lang='lat' dir='ltr'>Nauius</span> <span class='ocrx_word' id='word_1_376' title='bbox 430 5478 453 5524; x_wconf 83' lang='lat' dir='ltr'>et</span> <span class='ocrx_word' id='word_1_377' title='bbox 475 5465 694 5539; x_wconf 76' lang='lat' dir='ltr'>Concupiscentia,</span> <span class='ocrx_word' id='word_1_378' title='bbox 716 5466 760 5522; x_wconf 81' lang='lat' dir='ltr'>tit.</span> <span class='ocrx_word' id='word_1_379' title='bbox 782 5463 810 5536; x_wconf 60' lang='grc' dir='ltr'>ἲ,</span> <span class='ocrx_word' id='word_1_380' title='bbox 821 5485 850 5521; x_wconf 87' lang='grc' dir='ltr'>ιι.</span> <span class='ocrx_word' id='word_1_381' title='bbox 863 5467 898 5523; x_wconf 71' lang='lat'>25</span> <span class='ocrx_word' id='word_1_382' title='bbox 910 5465 932 5542; x_wconf 94' lang='lat'>),</span> <span class='ocrx_word' id='word_1_383' title='bbox 954 5466 1031 5522; x_wconf 89' lang='lat' dir='ltr'>insti·</span> 
     </span>
     <span class='ocr_line' id='line_1_56' title="bbox 235 5557 1030 5632; baseline -0.005 -14"><span class='ocrx_word' id='word_1_384' title='bbox 235 5571 332 5618; x_wconf 80' lang='lat' dir='ltr'>tuam.</span> <span class='ocrx_word' id='word_1_385' title='bbox 345 5560 422 5632; x_wconf 78' lang='lat' dir='ltr'>Quod</span> <span class='ocrx_word' id='word_1_386' title='bbox 433 5571 536 5617; x_wconf 81' lang='lat' dir='ltr'>tautam</span> <span class='ocrx_word' id='word_1_387' title='bbox 546 5560 626 5630; x_wconf 81' lang='lat' dir='ltr'>valet,</span> <span class='ocrx_word' id='word_1_388' title='bbox 639 5557 807 5616; x_wconf 89' lang='lat' dir='ltr'>contessione</span> <span class='ocrx_word' id='word_1_389' title='bbox 820 5558 1030 5629; x_wconf 80' lang='lat' dir='ltr'>ortoqueadrer-</span> 
     </span>
     <span class='ocr_line' id='line_1_57' title="bbox 238 5651 1030 5726; baseline -0.006 -14"><span class='ocrx_word' id='word_1_390' title='bbox 238 5656 301 5712; x_wconf 85' lang='lat' dir='ltr'>sarii</span> <span class='ocrx_word' id='word_1_391' title='bbox 323 5655 389 5724; x_wconf 89' lang='lat' dir='ltr'>mei,</span> <span class='ocrx_word' id='word_1_392' title='bbox 403 5664 433 5711; x_wconf 91' lang='lat' dir='ltr'>ut</span> <span class='ocrx_word' id='word_1_393' title='bbox 450 5655 509 5712; x_wconf 87' lang='lat' dir='ltr'>siue</span> <span class='ocrx_word' id='word_1_394' title='bbox 532 5655 590 5726; x_wconf 83' lang='lat' dir='ltr'>ejus</span> <span class='ocrx_word' id='word_1_395' title='bbox 604 5653 808 5725; x_wconf 80' lang='lat' dir='ltr'>vituperatione,</span> <span class='ocrx_word' id='word_1_396' title='bbox 829 5651 917 5720; x_wconf 76' lang='lat' dir='ltr'>tuest,</span> <span class='ocrx_word' id='word_1_397' title='bbox 935 5665 1030 5708; x_wconf 87' lang='lat' dir='ltr'>carna-</span> 
     </span>
    </p>

    <p class='ocr_par' dir='ltr' id='par_1_5' title="bbox 270 5807 922 5872">
     <span class='ocr_line' id='line_1_58' title="bbox 270 5807 922 5872; baseline -0.005 -13"><span class='ocrx_word' id='word_1_398' title='bbox 270 5811 279 5841; x_wconf 71' lang='grc' dir='ltr'>Ι</span> <span class='ocrx_word' id='word_1_399' title='bbox 297 5807 736 5872; x_wconf 80' lang='lat' dir='ltr'>uditi,teleroutia,·diaseutleatilms</span> <span class='ocrx_word' id='word_1_400' title='bbox 746 5807 922 5868; x_wconf 76' lang='lat' dir='ltr'>manuscriptis.</span> 
     </span>
    </p>
   </div>
   <div class='ocr_carea' id='block_1_3' title="bbox 238 5867 1029 5984">
    <p class='ocr_par' dir='ltr' id='par_1_6' title="bbox 238 5867 1029 5984">
     <span class='ocr_line' id='line_1_59' title="bbox 269 5867 1029 5984; baseline -0.001 -62"><span class='ocrx_word' id='word_1_401' title='bbox 269 5871 376 5984; x_wconf 52' lang='lat' dir='ltr'>’codem</span> <span class='ocrx_word' id='word_1_402' title='bbox 400 5879 478 5932; x_wconf 75' lang='lat' dir='ltr'>rore,</span> <span class='ocrx_word' id='word_1_403' title='bbox 500 5871 524 5924; x_wconf 84' lang='lat' dir='ltr'>si</span> <span class='ocrx_word' id='word_1_404' title='bbox 554 5873 600 5924; x_wconf 84' lang='lat' dir='ltr'>laoc</span> <span class='ocrx_word' id='word_1_405' title='bbox 632 5870 745 5932; x_wconf 76' lang='lat' dir='ltr'>creduis,</span> <span class='ocrx_word' id='word_1_406' title='bbox 776 5871 882 5934; x_wconf 76' lang='lat' dir='ltr'>profecto</span> <span class='ocrx_word' id='word_1_407' title='bbox 906 5882 944 5922; x_wconf 80' lang='lat' dir='ltr'>uos</span> <span class='ocrx_word' id='word_1_408' title='bbox 966 5867 1029 5933; x_wconf 78' lang='lat' dir='ltr'>ipsos</span> 
     </span>
     <span class='ocr_line' id='line_1_60' title="bbox 238 5947 381 5984; baseline -0.007 0"><span class='ocrx_word' id='word_1_409' title='bbox 238 5947 323 5984; x_wconf 79' lang='lat' dir='ltr'>sotter</span> <span class='ocrx_word' id='word_1_410' title='bbox 358 5947 381 5984; x_wconf 86' lang='lat' dir='ltr'>e.</span> 
     </span>
    </p>
   </div>
   <div class='ocr_carea' id='block_1_4' title="bbox 567 437 1519 511">
    <p class='ocr_par' dir='ltr' id='par_1_7' title="bbox 567 437 1519 511">
     <span class='ocr_line' id='line_1_61' title="bbox 567 437 1519 511; baseline -0.006 -5"><span class='ocrx_word' id='word_1_411' title='bbox 567 446 690 506; x_wconf 78' lang='lat' dir='ltr'>OPERIS</span> <span class='ocrx_word' id='word_1_412' title='bbox 708 444 914 505; x_wconf 76' lang='lat' dir='ltr'>tueantuu&#39;tt</span> <span class='ocrx_word' id='word_1_413' title='bbox 933 437 1070 499; x_wconf 82' lang='lat' dir='ltr'>cutt‘ttttt</span> <span class='ocrx_word' id='word_1_414' title='bbox 1088 438 1267 511; x_wconf 80' lang='lat' dir='ltr'>tllleNUbl,</span> <span class='ocrx_word' id='word_1_415' title='bbox 1287 440 1317 499; x_wconf 88' lang='lat' dir='ltr'>S.</span> <span class='ocrx_word' id='word_1_416' title='bbox 1337 442 1519 503; x_wconf 72' lang='lat' dir='ltr'>cucusum</span> 
     </span>
    </p>
   </div>
   <div class='ocr_carea' id='block_1_5' title="bbox 1078 429 1880 2304">
    <p class='ocr_par' dir='ltr' id='par_1_8' title="bbox 1078 429 1873 733">
     <span class='ocr_line' id='line_1_62' title="bbox 1799 429 1873 507; baseline 0.027 -2"><span class='ocrx_word' id='word_1_417' title='bbox 1799 429 1873 507; x_wconf 76' lang='lat' dir='ltr'>lass</span> 
     </span>
     <span class='ocr_line' id='line_1_63' title="bbox 1081 552 1872 635; baseline 0.008 -19"><span class='ocrx_word' id='word_1_418' title='bbox 1081 558 1114 618; x_wconf 88' lang='lat' dir='ltr'>lis</span> <span class='ocrx_word' id='word_1_419' title='bbox 1127 558 1359 632; x_wconf 86' lang='lat' dir='ltr'>concupiscentiae,</span> <span class='ocrx_word' id='word_1_420' title='bbox 1374 562 1466 619; x_wconf 88' lang='lat' dir='ltr'>etsiue</span> <span class='ocrx_word' id='word_1_421' title='bbox 1475 552 1646 621; x_wconf 85' lang='lat' dir='ltr'>inlamatione</span> <span class='ocrx_word' id='word_1_422' title='bbox 1659 564 1872 635; x_wconf 85' lang='lat' dir='ltr'>commixtionis,</span> 
     </span>
     <span class='ocr_line' id='line_1_64' title="bbox 1078 658 1736 733; baseline 0.002 -19"><span class='ocrx_word' id='word_1_423' title='bbox 1078 658 1161 715; x_wconf 90' lang='lat' dir='ltr'>asseri</span> <span class='ocrx_word' id='word_1_424' title='bbox 1178 658 1281 729; x_wconf 89' lang='lat' dir='ltr'>penitus</span> <span class='ocrx_word' id='word_1_425' title='bbox 1293 674 1346 713; x_wconf 91' lang='lat' dir='ltr'>non</span> <span class='ocrx_word' id='word_1_426' title='bbox 1361 660 1445 730; x_wconf 87' lang='lat' dir='ltr'>possit</span> <span class='ocrx_word' id='word_1_427' title='bbox 1456 658 1578 716; x_wconf 90' lang='lat' dir='ltr'>naturale</span> <span class='ocrx_word' id='word_1_428' title='bbox 1588 669 1736 733; x_wconf 82' lang='lat' dir='ltr'>peccatum.</span> 
     </span>
    </p>

    <p class='ocr_par' dir='ltr' id='par_1_9' title="bbox 1078 752 1880 2304">
     <span class='ocr_line' id='line_1_65' title="bbox 1114 752 1875 823; baseline 0.007 -16"><span class='ocrx_word' id='word_1_429' title='bbox 1114 754 1181 811; x_wconf 83' lang='lat' dir='ltr'>duc.</span> <span class='ocrx_word' id='word_1_430' title='bbox 1192 752 1437 823; x_wconf 86' lang='lat' dir='ltr'>Concupiscentiam</span> <span class='ocrx_word' id='word_1_431' title='bbox 1453 754 1508 809; x_wconf 89' lang='lat' dir='ltr'>sive</span> <span class='ocrx_word' id='word_1_432' title='bbox 1525 752 1682 823; x_wconf 79' lang='lat' dir='ltr'>naturalem,</span> <span class='ocrx_word' id='word_1_433' title='bbox 1700 754 1756 811; x_wconf 77' lang='lat' dir='ltr'>siue</span> <span class='ocrx_word' id='word_1_434' title='bbox 1771 769 1875 811; x_wconf 88' lang='lat' dir='ltr'>earna-</span> 
     </span>
     <span class='ocr_line' id='line_1_66' title="bbox 1078 836 1867 919; baseline 0.006 -21"><span class='ocrx_word' id='word_1_435' title='bbox 1078 836 1130 899; x_wconf 90' lang='lat' dir='ltr'>lem</span> <span class='ocrx_word' id='word_1_436' title='bbox 1147 844 1193 900; x_wconf 90' lang='lat' dir='ltr'>tibi</span> <span class='ocrx_word' id='word_1_437' title='bbox 1206 844 1311 917; x_wconf 89' lang='lat' dir='ltr'>placeat</span> <span class='ocrx_word' id='word_1_438' title='bbox 1323 845 1467 917; x_wconf 87' lang='lat' dir='ltr'>appellare,</span> <span class='ocrx_word' id='word_1_439' title='bbox 1481 862 1539 901; x_wconf 87' lang='lat' dir='ltr'>earn</span> <span class='ocrx_word' id='word_1_440' title='bbox 1553 861 1601 902; x_wconf 93' lang='lat' dir='ltr'>uos</span> <span class='ocrx_word' id='word_1_441' title='bbox 1621 846 1867 919; x_wconf 88' lang='lat' dir='ltr'>concupiscentiam</span> 
     </span>
     <span class='ocr_line' id='line_1_67' title="bbox 1078 938 1874 1013; baseline 0.005 -22"><span class='ocrx_word' id='word_1_442' title='bbox 1078 938 1269 1008; x_wconf 81' lang='lat' dir='ltr'>vituperamus,</span> <span class='ocrx_word' id='word_1_443' title='bbox 1284 954 1334 1010; x_wconf 87' lang='lat' dir='ltr'>qua</span> <span class='ocrx_word' id='word_1_444' title='bbox 1347 954 1410 995; x_wconf 89' lang='lat' dir='ltr'>caro</span> <span class='ocrx_word' id='word_1_445' title='bbox 1424 939 1722 1009; x_wconf 86' lang='lat' dir='ltr'>concupiscitadrersus</span> <span class='ocrx_word' id='word_1_446' title='bbox 1734 940 1874 1013; x_wconf 86' lang='lat' dir='ltr'>spiritum,</span> 
     </span>
     <span class='ocr_line' id='line_1_68' title="bbox 1079 1029 1873 1102; baseline 0.004 -18"><span class='ocrx_word' id='word_1_447' title='bbox 1079 1038 1106 1084; x_wconf 90' lang='lat' dir='ltr'>et</span> <span class='ocrx_word' id='word_1_448' title='bbox 1119 1029 1200 1085; x_wconf 89' lang='lat' dir='ltr'>trabit</span> <span class='ocrx_word' id='word_1_449' title='bbox 1210 1030 1243 1087; x_wconf 91' lang='lat' dir='ltr'>ad</span> <span class='ocrx_word' id='word_1_450' title='bbox 1254 1031 1354 1099; x_wconf 87' lang='lat' dir='ltr'>illicita,</span> <span class='ocrx_word' id='word_1_451' title='bbox 1366 1030 1416 1087; x_wconf 89' lang='lat' dir='ltr'>uisi</span> <span class='ocrx_word' id='word_1_452' title='bbox 1430 1040 1458 1087; x_wconf 91' lang='lat' dir='ltr'>et</span> <span class='ocrx_word' id='word_1_453' title='bbox 1476 1031 1585 1102; x_wconf 89' lang='lat' dir='ltr'>spiritus</span> <span class='ocrx_word' id='word_1_454' title='bbox 1603 1031 1731 1089; x_wconf 76' lang='lat' dir='ltr'>aduersus</span> <span class='ocrx_word' id='word_1_455' title='bbox 1741 1050 1801 1090; x_wconf 88' lang='lat' dir='ltr'>eam</span> <span class='ocrx_word' id='word_1_456' title='bbox 1814 1034 1873 1089; x_wconf 90' lang='lat' dir='ltr'>lor-</span> 
     </span>
     <span class='ocr_line' id='line_1_69' title="bbox 1080 1120 1872 1195; baseline 0.006 -21"><span class='ocrx_word' id='word_1_457' title='bbox 1080 1120 1131 1175; x_wconf 94' lang='lat' dir='ltr'>tius</span> <span class='ocrx_word' id='word_1_458' title='bbox 1150 1122 1329 1193; x_wconf 87' lang='lat' dir='ltr'>concupiscat.</span> <span class='ocrx_word' id='word_1_459' title='bbox 1345 1120 1418 1179; x_wconf 90' lang='lat' dir='ltr'>llanc</span> <span class='ocrx_word' id='word_1_460' title='bbox 1428 1123 1621 1179; x_wconf 82' lang='lat' dir='ltr'>dissensionem</span> <span class='ocrx_word' id='word_1_461' title='bbox 1631 1125 1655 1180; x_wconf 92' lang='lat' dir='ltr'>in</span> <span class='ocrx_word' id='word_1_462' title='bbox 1665 1125 1790 1195; x_wconf 87' lang='lat' dir='ltr'>paradiso</span> <span class='ocrx_word' id='word_1_463' title='bbox 1801 1124 1872 1181; x_wconf 88' lang='lat' dir='ltr'>dici·</span> 
     </span>
     <span class='ocr_line' id='line_1_70' title="bbox 1079 1212 1876 1286; baseline 0.01 -19"><span class='ocrx_word' id='word_1_464' title='bbox 1079 1227 1139 1268; x_wconf 84' lang='lat' dir='ltr'>utus</span> <span class='ocrx_word' id='word_1_465' title='bbox 1152 1230 1203 1269; x_wconf 92' lang='lat' dir='ltr'>uon</span> <span class='ocrx_word' id='word_1_466' title='bbox 1219 1212 1310 1281; x_wconf 83' lang='lat' dir='ltr'>luisse,</span> <span class='ocrx_word' id='word_1_467' title='bbox 1327 1214 1433 1286; x_wconf 89' lang='lat' dir='ltr'>quaudo</span> <span class='ocrx_word' id='word_1_468' title='bbox 1451 1217 1495 1286; x_wconf 82' lang='lat' dir='ltr'>qui</span> <span class='ocrx_word' id='word_1_469' title='bbox 1507 1216 1542 1273; x_wconf 91' lang='lat' dir='ltr'>ibi</span> <span class='ocrx_word' id='word_1_470' title='bbox 1555 1224 1641 1284; x_wconf 91' lang='lat' dir='ltr'>eraut,</span> <span class='ocrx_word' id='word_1_471' title='bbox 1659 1217 1722 1273; x_wconf 91' lang='lat' dir='ltr'>nudi</span> <span class='ocrx_word' id='word_1_472' title='bbox 1740 1228 1832 1283; x_wconf 86' lang='lat' dir='ltr'>eraut,</span> <span class='ocrx_word' id='word_1_473' title='bbox 1844 1228 1876 1275; x_wconf 81' lang='lat' dir='ltr'>et</span> 
     </span>
     <span class='ocr_line' id='line_1_71' title="bbox 1078 1306 1876 1383; baseline 0.014 -24"><span class='ocrx_word' id='word_1_474' title='bbox 1078 1320 1132 1361; x_wconf 90' lang='lat' dir='ltr'>uon</span> <span class='ocrx_word' id='word_1_475' title='bbox 1145 1306 1383 1363; x_wconf 81' lang='lat' dir='ltr'>confundebantur.</span> <span class='ocrx_word' id='word_1_476' title='bbox 1393 1308 1466 1365; x_wconf 84' lang='lat' dir='ltr'>itanc</span> <span class='ocrx_word' id='word_1_477' title='bbox 1478 1319 1535 1380; x_wconf 86' lang='lat' dir='ltr'>post</span> <span class='ocrx_word' id='word_1_478' title='bbox 1551 1320 1687 1382; x_wconf 87' lang='lat' dir='ltr'>peccatum</span> <span class='ocrx_word' id='word_1_479' title='bbox 1699 1315 1876 1383; x_wconf 82' lang='lat' dir='ltr'>essecoepis·</span> 
     </span>
     <span class='ocr_line' id='line_1_72' title="bbox 1079 1400 1877 1476; baseline 0.006 -22"><span class='ocrx_word' id='word_1_480' title='bbox 1079 1414 1120 1467; x_wconf 90' lang='lat' dir='ltr'>se,</span> <span class='ocrx_word' id='word_1_481' title='bbox 1140 1400 1195 1469; x_wconf 88' lang='lat' dir='ltr'>ipsa</span> <span class='ocrx_word' id='word_1_482' title='bbox 1220 1416 1263 1457; x_wconf 87' lang='lat' dir='ltr'>res</span> <span class='ocrx_word' id='word_1_483' title='bbox 1279 1400 1376 1458; x_wconf 89' lang='lat' dir='ltr'>elarnat</span> <span class='ocrx_word' id='word_1_484' title='bbox 1389 1418 1397 1469; x_wconf 90' lang='lat'>;</span> <span class='ocrx_word' id='word_1_485' title='bbox 1411 1402 1623 1475; x_wconf 79' lang='lat' dir='ltr'>quandoquidem</span> <span class='ocrx_word' id='word_1_486' title='bbox 1646 1415 1706 1475; x_wconf 92' lang='lat' dir='ltr'>post</span> <span class='ocrx_word' id='word_1_487' title='bbox 1729 1416 1877 1476; x_wconf 71' lang='lat' dir='ltr'>peceatum</span> 
     </span>
     <span class='ocr_line' id='line_1_73' title="bbox 1079 1484 1879 1566; baseline 0.005 -21"><span class='ocrx_word' id='word_1_488' title='bbox 1079 1484 1201 1563; x_wconf 84' lang='lat' dir='ltr'>pudenda</span> <span class='ocrx_word' id='word_1_489' title='bbox 1224 1500 1355 1558; x_wconf 89' lang='lat' dir='ltr'>texerunt,</span> <span class='ocrx_word' id='word_1_490' title='bbox 1372 1509 1430 1565; x_wconf 79' lang='lat' dir='ltr'>qua</span> <span class='ocrx_word' id='word_1_491' title='bbox 1449 1494 1521 1563; x_wconf 91' lang='lat' dir='ltr'>prius</span> <span class='ocrx_word' id='word_1_492' title='bbox 1542 1493 1662 1566; x_wconf 89' lang='lat' dir='ltr'>pudenda</span> <span class='ocrx_word' id='word_1_493' title='bbox 1683 1511 1734 1552; x_wconf 94' lang='lat' dir='ltr'>nou</span> <span class='ocrx_word' id='word_1_494' title='bbox 1754 1494 1879 1552; x_wconf 86' lang='lat' dir='ltr'>lucrant.</span> 
     </span>
     <span class='ocr_line' id='line_1_74' title="bbox 1079 1580 1877 1657; baseline 0.004 -18"><span class='ocrx_word' id='word_1_495' title='bbox 1079 1580 1169 1653; x_wconf 79' lang='lat' dir='ltr'>Neque</span> <span class='ocrx_word' id='word_1_496' title='bbox 1185 1595 1211 1638; x_wconf 91' lang='lat' dir='ltr'>ut</span> <span class='ocrx_word' id='word_1_497' title='bbox 1225 1584 1293 1639; x_wconf 89' lang='lat' dir='ltr'>nuda</span> <span class='ocrx_word' id='word_1_498' title='bbox 1307 1586 1381 1656; x_wconf 88' lang='lat' dir='ltr'>prius</span> <span class='ocrx_word' id='word_1_499' title='bbox 1395 1598 1495 1655; x_wconf 86' lang='lat' dir='ltr'>essent,</span> <span class='ocrx_word' id='word_1_500' title='bbox 1523 1586 1696 1657; x_wconf 88' lang='lat' dir='ltr'>impudentia,</span> <span class='ocrx_word' id='word_1_501' title='bbox 1722 1590 1769 1646; x_wconf 90' lang='lat' dir='ltr'>sed</span> <span class='ocrx_word' id='word_1_502' title='bbox 1789 1591 1877 1645; x_wconf 80' lang='lat' dir='ltr'>iunu-</span> 
     </span>
     <span class='ocr_line' id='line_1_75' title="bbox 1079 1674 1874 1761; baseline 0.01 -33"><span class='ocrx_word' id='word_1_503' title='bbox 1079 1676 1164 1729; x_wconf 85' lang='lat' dir='ltr'>ccntia</span> <span class='ocrx_word' id='word_1_504' title='bbox 1190 1674 1302 1731; x_wconf 84' lang='lat' dir='ltr'>iaciebat</span> <span class='ocrx_word' id='word_1_505' title='bbox 1317 1695 1323 1731; x_wconf 93' lang='lat'><strong>:</strong></span> <span class='ocrx_word' id='word_1_506' title='bbox 1339 1676 1399 1748; x_wconf 88' lang='lat' dir='ltr'>quia</span> <span class='ocrx_word' id='word_1_507' title='bbox 1420 1687 1447 1733; x_wconf 91' lang='lat' dir='ltr'>et</span> <span class='ocrx_word' id='word_1_508' title='bbox 1466 1677 1628 1749; x_wconf 84' lang='lat' dir='ltr'>impudentia</span> <span class='ocrx_word' id='word_1_509' title='bbox 1645 1680 1737 1761; x_wconf 79' lang='lat' dir='ltr'>vitium</span> <span class='ocrx_word' id='word_1_510' title='bbox 1755 1689 1813 1748; x_wconf 90' lang='lat' dir='ltr'>est;</span> <span class='ocrx_word' id='word_1_511' title='bbox 1831 1680 1874 1736; x_wconf 89' lang='lat' dir='ltr'>illi</span> 
     </span>
     <span class='ocr_line' id='line_1_76' title="bbox 1079 1766 1875 1843; baseline 0.008 -22"><span class='ocrx_word' id='word_1_512' title='bbox 1079 1775 1168 1823; x_wconf 88' lang='lat' dir='ltr'>autem</span> <span class='ocrx_word' id='word_1_513' title='bbox 1183 1766 1289 1839; x_wconf 86' lang='lat' dir='ltr'>quando</span> <span class='ocrx_word' id='word_1_514' title='bbox 1302 1768 1445 1825; x_wconf 90' lang='lat' dir='ltr'>eosuudos</span> <span class='ocrx_word' id='word_1_515' title='bbox 1464 1784 1524 1825; x_wconf 88' lang='lat' dir='ltr'>esse</span> <span class='ocrx_word' id='word_1_516' title='bbox 1548 1785 1600 1826; x_wconf 88' lang='grc' dir='ltr'>ιιοιι</span> <span class='ocrx_word' id='word_1_517' title='bbox 1625 1770 1751 1841; x_wconf 90' lang='lat' dir='ltr'>pudebat,</span> <span class='ocrx_word' id='word_1_518' title='bbox 1776 1773 1875 1843; x_wconf 76' lang='lat' dir='ltr'>utique</span> 
     </span>
     <span class='ocr_line' id='line_1_77' title="bbox 1079 1860 1877 1937; baseline 0.008 -24"><span class='ocrx_word' id='word_1_519' title='bbox 1079 1860 1171 1915; x_wconf 87' lang='lat' dir='ltr'>vitium</span> <span class='ocrx_word' id='word_1_520' title='bbox 1193 1876 1245 1915; x_wconf 93' lang='lat' dir='ltr'>non</span> <span class='ocrx_word' id='word_1_521' title='bbox 1271 1861 1413 1918; x_wconf 86' lang='lat' dir='ltr'>trabebant.</span> <span class='ocrx_word' id='word_1_522' title='bbox 1432 1862 1486 1918; x_wconf 92' lang='lat' dir='ltr'>lloc</span> <span class='ocrx_word' id='word_1_523' title='bbox 1508 1878 1572 1935; x_wconf 80' lang='lat' dir='ltr'>ergo</span> <span class='ocrx_word' id='word_1_524' title='bbox 1597 1864 1707 1932; x_wconf 89' lang='lat' dir='ltr'>malum,</span> <span class='ocrx_word' id='word_1_525' title='bbox 1729 1880 1782 1937; x_wconf 86' lang='lat' dir='ltr'>quo</span> <span class='ocrx_word' id='word_1_526' title='bbox 1808 1880 1877 1921; x_wconf 86' lang='lat' dir='ltr'>caro</span> 
     </span>
     <span class='ocr_line' id='line_1_78' title="bbox 1079 1952 1879 2025; baseline 0.009 -19"><span class='ocrx_word' id='word_1_527' title='bbox 1079 1952 1242 2022; x_wconf 91' lang='lat' dir='ltr'>concupiscit</span> <span class='ocrx_word' id='word_1_528' title='bbox 1265 1952 1394 2009; x_wconf 83' lang='lat' dir='ltr'>artrersns</span> <span class='ocrx_word' id='word_1_529' title='bbox 1413 1953 1557 2025; x_wconf 88' lang='lat' dir='ltr'>spiritum,</span> <span class='ocrx_word' id='word_1_530' title='bbox 1581 1952 1723 2011; x_wconf 79' lang='lat' dir='ltr'>haereticus</span> <span class='ocrx_word' id='word_1_531' title='bbox 1750 1954 1879 2013; x_wconf 86' lang='lat' dir='ltr'>Julianus</span> 
     </span>
     <span class='ocr_line' id='line_1_79' title="bbox 1080 2042 1879 2103; baseline 0.008 -6"><span class='ocrx_word' id='word_1_532' title='bbox 1080 2042 1144 2098; x_wconf 87' lang='lat' dir='ltr'>dicit</span> <span class='ocrx_word' id='word_1_533' title='bbox 1161 2060 1219 2099; x_wconf 90' lang='lat' dir='ltr'>esse</span> <span class='ocrx_word' id='word_1_534' title='bbox 1235 2044 1333 2099; x_wconf 89' lang='lat' dir='ltr'>bonum</span> <span class='ocrx_word' id='word_1_535' title='bbox 1350 2063 1356 2099; x_wconf 93' lang='lat'><strong>:</strong></span> <span class='ocrx_word' id='word_1_536' title='bbox 1374 2044 1424 2101; x_wconf 81' lang='lat' dir='ltr'>laec</span> <span class='ocrx_word' id='word_1_537' title='bbox 1437 2045 1534 2101; x_wconf 91' lang='lat' dir='ltr'>malum</span> <span class='ocrx_word' id='word_1_538' title='bbox 1547 2063 1584 2103; x_wconf 87' lang='lat' dir='ltr'>ex</span> <span class='ocrx_word' id='word_1_539' title='bbox 1598 2047 1683 2103; x_wconf 88' lang='lat' dir='ltr'>aliena</span> <span class='ocrx_word' id='word_1_540' title='bbox 1704 2048 1764 2101; x_wconf 91' lang='lat' dir='ltr'>mali</span> <span class='ocrx_word' id='word_1_541' title='bbox 1777 2058 1879 2103; x_wconf 83' lang='lat' dir='ltr'>natura</span> 
     </span>
     <span class='ocr_line' id='line_1_80' title="bbox 1081 2133 1879 2195; baseline 0.01 -8"><span class='ocrx_word' id='word_1_542' title='bbox 1081 2133 1158 2189; x_wconf 86' lang='lat' dir='ltr'>uobis</span> <span class='ocrx_word' id='word_1_543' title='bbox 1173 2150 1233 2189; x_wconf 92' lang='lat' dir='ltr'>esse</span> <span class='ocrx_word' id='word_1_544' title='bbox 1247 2136 1419 2191; x_wconf 81' lang='lat' dir='ltr'>commistum</span> <span class='ocrx_word' id='word_1_545' title='bbox 1446 2136 1510 2193; x_wconf 89' lang='lat' dir='ltr'>dicit</span> <span class='ocrx_word' id='word_1_546' title='bbox 1532 2138 1600 2193; x_wconf 91' lang='lat' dir='ltr'>alius</span> <span class='ocrx_word' id='word_1_547' title='bbox 1624 2137 1766 2195; x_wconf 65' lang='lat' dir='ltr'>laureacus</span> <span class='ocrx_word' id='word_1_548' title='bbox 1786 2140 1879 2195; x_wconf 83' lang='lat' dir='ltr'>llam·</span> 
     </span>
     <span class='ocr_line' id='line_1_81' title="bbox 1080 2226 1880 2304; baseline 0.006 -22"><span class='ocrx_word' id='word_1_549' title='bbox 1080 2226 1191 2283; x_wconf 72' lang='lat' dir='ltr'>clarens:</span> <span class='ocrx_word' id='word_1_550' title='bbox 1209 2228 1259 2284; x_wconf 90' lang='lat' dir='ltr'>buc</span> <span class='ocrx_word' id='word_1_551' title='bbox 1282 2228 1381 2286; x_wconf 90' lang='lat' dir='ltr'>malum</span> <span class='ocrx_word' id='word_1_552' title='bbox 1408 2246 1454 2300; x_wconf 91' lang='lat' dir='ltr'>pcr</span> <span class='ocrx_word' id='word_1_553' title='bbox 1471 2230 1719 2302; x_wconf 76' lang='lat' dir='ltr'>prevaricationem</span> <span class='ocrx_word' id='word_1_554' title='bbox 1734 2232 1811 2304; x_wconf 91' lang='lat' dir='ltr'>primi</span> <span class='ocrx_word' id='word_1_555' title='bbox 1826 2232 1880 2287; x_wconf 84' lang='lat' dir='ltr'>lao-</span> 
     </span>
    </p>
   </div>
   <div class='ocr_carea' id='block_1_6' title="bbox 1080 2316 1879 2467">
    <p class='ocr_par' dir='ltr' id='par_1_10' title="bbox 1080 2316 1879 2467">
     <span class='ocr_line' id='line_1_82' title="bbox 1080 2316 1879 2391; baseline 0.011 -21"><span class='ocrx_word' id='word_1_556' title='bbox 1080 2316 1159 2371; x_wconf 89' lang='lat' dir='ltr'>urinis</span> <span class='ocrx_word' id='word_1_557' title='bbox 1183 2318 1209 2374; x_wconf 92' lang='lat' dir='ltr'>in</span> <span class='ocrx_word' id='word_1_558' title='bbox 1229 2331 1345 2374; x_wconf 87' lang='lat' dir='ltr'>nostram</span> <span class='ocrx_word' id='word_1_559' title='bbox 1370 2320 1462 2377; x_wconf 89' lang='lat' dir='ltr'>diceas</span> <span class='ocrx_word' id='word_1_560' title='bbox 1485 2322 1597 2378; x_wconf 87' lang='lat' dir='ltr'>vertisse</span> <span class='ocrx_word' id='word_1_561' title='bbox 1612 2332 1743 2391; x_wconf 88' lang='lat' dir='ltr'>naturam,</span> <span class='ocrx_word' id='word_1_562' title='bbox 1757 2322 1879 2380; x_wconf 71' lang='lat' dir='ltr'>catholi-</span> 
     </span>
     <span class='ocr_line' id='line_1_83' title="bbox 1080 2410 1501 2467; baseline 0.005 -5"><span class='ocrx_word' id='word_1_563' title='bbox 1080 2423 1127 2463; x_wconf 89' lang='lat' dir='ltr'>cus</span> <span class='ocrx_word' id='word_1_564' title='bbox 1137 2411 1230 2466; x_wconf 90' lang='lat' dir='ltr'>ambos</span> <span class='ocrx_word' id='word_1_565' title='bbox 1242 2410 1323 2465; x_wconf 87' lang='lat' dir='ltr'>vincit</span> <span class='ocrx_word' id='word_1_566' title='bbox 1336 2410 1501 2467; x_wconf 76' lang='lat' dir='ltr'>Ambrosius.</span> 
     </span>
    </p>
   </div>
   <div class='ocr_carea' id='block_1_7' title="bbox 1080 2499 1886 5808">
    <p class='ocr_par' dir='ltr' id='par_1_11' title="bbox 1080 2499 1886 3779">
     <span class='ocr_line' id='line_1_84' title="bbox 1116 2499 1876 2578; baseline 0.009 -23"><span class='ocrx_word' id='word_1_567' title='bbox 1116 2500 1160 2556; x_wconf 85' lang='lat' dir='ltr'>Vl.</span> <span class='ocrx_word' id='word_1_568' title='bbox 1178 2499 1236 2557; x_wconf 77' lang='lat' dir='ltr'>tua.</span> <span class='ocrx_word' id='word_1_569' title='bbox 1246 2501 1322 2571; x_wconf 85' lang='lat' dir='ltr'>Quod</span> <span class='ocrx_word' id='word_1_570' title='bbox 1336 2502 1486 2571; x_wconf 83' lang='lat' dir='ltr'>urrouiama</span> <span class='ocrx_word' id='word_1_571' title='bbox 1503 2502 1582 2560; x_wconf 90' lang='lat' dir='ltr'>nobis</span> <span class='ocrx_word' id='word_1_572' title='bbox 1594 2520 1625 2560; x_wconf 92' lang='lat' dir='ltr'>ea</span> <span class='ocrx_word' id='word_1_573' title='bbox 1644 2502 1780 2571; x_wconf 86' lang='lat' dir='ltr'>laenitate,</span> <span class='ocrx_word' id='word_1_574' title='bbox 1789 2522 1876 2578; x_wconf 80' lang='lat' dir='ltr'>quma</span> 
     </span>
     <span class='ocr_line' id='line_1_85' title="bbox 1081 2592 1883 2669; baseline 0.01 -21"><span class='ocrx_word' id='word_1_575' title='bbox 1081 2594 1180 2650; x_wconf 83' lang='lat' dir='ltr'>ueritus</span> <span class='ocrx_word' id='word_1_576' title='bbox 1204 2592 1392 2664; x_wconf 82' lang='lat' dir='ltr'>suppeditavit,</span> <span class='ocrx_word' id='word_1_577' title='bbox 1409 2604 1547 2651; x_wconf 91' lang='lat' dir='ltr'>ostensum</span> <span class='ocrx_word' id='word_1_578' title='bbox 1569 2606 1619 2665; x_wconf 87' lang='lat' dir='ltr'>cst,</span> <span class='ocrx_word' id='word_1_579' title='bbox 1649 2597 1763 2669; x_wconf 86' lang='lat' dir='ltr'>prudeus</span> <span class='ocrx_word' id='word_1_580' title='bbox 1788 2596 1883 2657; x_wconf 85' lang='lat' dir='ltr'>lector</span> 
     </span>
     <span class='ocr_line' id='line_1_86' title="bbox 1081 2685 1884 2761; baseline 0.01 -21"><span class='ocrx_word' id='word_1_581' title='bbox 1081 2685 1222 2756; x_wconf 87' lang='lat' dir='ltr'>superlroc</span> <span class='ocrx_word' id='word_1_582' title='bbox 1246 2686 1356 2743; x_wconf 90' lang='lat' dir='ltr'>ulterius</span> <span class='ocrx_word' id='word_1_583' title='bbox 1379 2686 1500 2742; x_wconf 87' lang='lat' dir='ltr'>dubitare</span> <span class='ocrx_word' id='word_1_584' title='bbox 1524 2703 1576 2742; x_wconf 93' lang='lat' dir='ltr'>non</span> <span class='ocrx_word' id='word_1_585' title='bbox 1599 2686 1697 2755; x_wconf 84' lang='lat' dir='ltr'>debet;</span> <span class='ocrx_word' id='word_1_586' title='bbox 1714 2688 1884 2761; x_wconf 82' lang='lat' dir='ltr'>ubicumque</span> 
     </span>
     <span class='ocr_line' id='line_1_87' title="bbox 1081 2770 1886 2855; baseline 0.01 -25"><span class='ocrx_word' id='word_1_587' title='bbox 1081 2774 1133 2832; x_wconf 89' lang='lat' dir='ltr'>huc</span> <span class='ocrx_word' id='word_1_588' title='bbox 1157 2776 1183 2830; x_wconf 91' lang='lat' dir='ltr'>lu</span> <span class='ocrx_word' id='word_1_589' title='bbox 1197 2774 1355 2832; x_wconf 78' lang='lat' dir='ltr'>‘traduciani</span> <span class='ocrx_word' id='word_1_590' title='bbox 1370 2770 1486 2849; x_wconf 85' lang='lat' dir='ltr'>¹scriptis</span> <span class='ocrx_word' id='word_1_591' title='bbox 1511 2780 1660 2835; x_wconf 88' lang='lat' dir='ltr'>occurrerit</span> <span class='ocrx_word' id='word_1_592' title='bbox 1674 2779 1685 2855; x_wconf 90' lang='grc'>(</span> <span class='ocrx_word' id='word_1_593' title='bbox 1697 2780 1755 2838; x_wconf 90' lang='lat' dir='ltr'>sine</span> <span class='ocrx_word' id='word_1_594' title='bbox 1769 2797 1824 2853; x_wconf 89' lang='lat' dir='ltr'>quo</span> <span class='ocrx_word' id='word_1_595' title='bbox 1837 2792 1886 2838; x_wconf 86' lang='lat' dir='ltr'>ta·</span> 
     </span>
     <span class='ocr_line' id='line_1_88' title="bbox 1080 2868 1883 2941; baseline 0.01 -18"><span class='ocrx_word' id='word_1_596' title='bbox 1080 2884 1142 2925; x_wconf 91' lang='lat' dir='ltr'>meu</span> <span class='ocrx_word' id='word_1_597' title='bbox 1155 2868 1229 2923; x_wconf 85' lang='lat' dir='ltr'>lriare</span> <span class='ocrx_word' id='word_1_598' title='bbox 1243 2885 1294 2923; x_wconf 92' lang='lat' dir='ltr'>nou</span> <span class='ocrx_word' id='word_1_599' title='bbox 1310 2878 1397 2941; x_wconf 89' lang='lat' dir='ltr'>potest</span> <span class='ocrx_word' id='word_1_600' title='bbox 1411 2870 1431 2941; x_wconf 76' lang='lat' dir='ltr'>l,</span> <span class='ocrx_word' id='word_1_601' title='bbox 1444 2868 1510 2926; x_wconf 86' lang='lat' dir='ltr'>uilril</span> <span class='ocrx_word' id='word_1_602' title='bbox 1534 2882 1639 2928; x_wconf 89' lang='lat' dir='ltr'>moreat</span> <span class='ocrx_word' id='word_1_603' title='bbox 1659 2871 1810 2937; x_wconf 89' lang='lat' dir='ltr'>audientes,</span> <span class='ocrx_word' id='word_1_604' title='bbox 1828 2876 1883 2931; x_wconf 89' lang='lat' dir='ltr'>sed</span> 
     </span>
     <span class='ocr_line' id='line_1_89' title="bbox 1082 2960 1874 3034; baseline 0.013 -19"><span class='ocrx_word' id='word_1_605' title='bbox 1082 2960 1108 3015; x_wconf 89' lang='lat' dir='ltr'>in</span> <span class='ocrx_word' id='word_1_606' title='bbox 1130 2960 1318 3016; x_wconf 87' lang='lat' dir='ltr'>verecundiam</span> <span class='ocrx_word' id='word_1_607' title='bbox 1339 2970 1503 3034; x_wconf 89' lang='lat' dir='ltr'>protestetur</span> <span class='ocrx_word' id='word_1_608' title='bbox 1513 2964 1630 3021; x_wconf 88' lang='lat' dir='ltr'>auctoris</span> <span class='ocrx_word' id='word_1_609' title='bbox 1645 2984 1652 3023; x_wconf 91' lang='lat'><strong>:</strong></span> <span class='ocrx_word' id='word_1_610' title='bbox 1666 2982 1715 3021; x_wconf 92' lang='lat' dir='ltr'>nos</span> <span class='ocrx_word' id='word_1_611' title='bbox 1739 2966 1874 3025; x_wconf 90' lang='lat' dir='ltr'>autemid</span> 
     </span>
     <span class='ocr_line' id='line_1_90' title="bbox 1081 3052 1872 3129; baseline 0.011 -19"><span class='ocrx_word' id='word_1_612' title='bbox 1081 3052 1221 3126; x_wconf 87' lang='lat' dir='ltr'>deinceps,</span> <span class='ocrx_word' id='word_1_613' title='bbox 1241 3055 1262 3110; x_wconf 91' lang='lat' dir='ltr'>si</span> <span class='ocrx_word' id='word_1_614' title='bbox 1285 3070 1328 3111; x_wconf 89' lang='lat' dir='ltr'>res</span> <span class='ocrx_word' id='word_1_615' title='bbox 1356 3057 1526 3129; x_wconf 90' lang='lat' dir='ltr'>compulerit,</span> <span class='ocrx_word' id='word_1_616' title='bbox 1560 3062 1709 3117; x_wconf 89' lang='lat' dir='ltr'>necessaria</span> <span class='ocrx_word' id='word_1_617' title='bbox 1736 3062 1872 3120; x_wconf 82' lang='lat' dir='ltr'>breuitate</span> 
     </span>
     <span class='ocr_line' id='line_1_91' title="bbox 1081 3148 1879 3226; baseline 0.014 -23"><span class='ocrx_word' id='word_1_618' title='bbox 1081 3154 1229 3219; x_wconf 78' lang='lat' dir='ltr'>tangemus.</span> <span class='ocrx_word' id='word_1_619' title='bbox 1243 3148 1336 3220; x_wconf 76' lang='lat' dir='ltr'>drguit</span> <span class='ocrx_word' id='word_1_620' title='bbox 1358 3163 1423 3222; x_wconf 80' lang='lat' dir='ltr'>ergo</span> <span class='ocrx_word' id='word_1_621' title='bbox 1449 3149 1608 3224; x_wconf 85' lang='lat' dir='ltr'>quoddixi:</span> <span class='ocrx_word' id='word_1_622' title='bbox 1629 3172 1638 3206; x_wconf 83' lang='lat' dir='ltr'>r</span> <span class='ocrx_word' id='word_1_623' title='bbox 1657 3152 1709 3210; x_wconf 87' lang='lat' dir='ltr'>lsta</span> <span class='ocrx_word' id='word_1_624' title='bbox 1730 3170 1879 3226; x_wconf 86' lang='lat' dir='ltr'>corporum</span> 
     </span>
     <span class='ocr_line' id='line_1_92' title="bbox 1082 3241 1880 3316; baseline 0.01 -19"><span class='ocrx_word' id='word_1_625' title='bbox 1082 3241 1245 3314; x_wconf 83' lang='lat' dir='ltr'>commixtio,</span> <span class='ocrx_word' id='word_1_626' title='bbox 1259 3257 1320 3298; x_wconf 90' lang='lat' dir='ltr'>eum</span> <span class='ocrx_word' id='word_1_627' title='bbox 1328 3241 1427 3312; x_wconf 90' lang='lat' dir='ltr'>calore,</span> <span class='ocrx_word' id='word_1_628' title='bbox 1434 3259 1495 3298; x_wconf 89' lang='lat' dir='ltr'>curn</span> <span class='ocrx_word' id='word_1_629' title='bbox 1509 3245 1652 3316; x_wconf 85' lang='lat' dir='ltr'>voluptate,</span> <span class='ocrx_word' id='word_1_630' title='bbox 1665 3263 1726 3302; x_wconf 81' lang='lat' dir='ltr'>euin</span> <span class='ocrx_word' id='word_1_631' title='bbox 1737 3249 1842 3305; x_wconf 89' lang='lat' dir='ltr'>semiue</span> <span class='ocrx_word' id='word_1_632' title='bbox 1862 3267 1880 3306; x_wconf 84' lang='lat' dir='ltr'>a</span> 
     </span>
     <span class='ocr_line' id='line_1_93' title="bbox 1081 3333 1877 3409; baseline 0.009 -20"><span class='ocrx_word' id='word_1_633' title='bbox 1081 3333 1137 3390; x_wconf 85' lang='lat' dir='ltr'>Deo</span> <span class='ocrx_word' id='word_1_634' title='bbox 1150 3333 1228 3400; x_wconf 88' lang='lat' dir='ltr'>laeta,</span> <span class='ocrx_word' id='word_1_635' title='bbox 1242 3341 1269 3388; x_wconf 93' lang='lat' dir='ltr'>et</span> <span class='ocrx_word' id='word_1_636' title='bbox 1281 3348 1329 3404; x_wconf 91' lang='lat' dir='ltr'>pro</span> <span class='ocrx_word' id='word_1_637' title='bbox 1341 3350 1390 3390; x_wconf 86' lang='lat' dir='ltr'>sno</span> <span class='ocrx_word' id='word_1_638' title='bbox 1404 3333 1483 3390; x_wconf 92' lang='lat' dir='ltr'>modo</span> <span class='ocrx_word' id='word_1_639' title='bbox 1515 3333 1654 3392; x_wconf 84' lang='lat' dir='ltr'>laudabilis</span> <span class='ocrx_word' id='word_1_640' title='bbox 1678 3341 1852 3409; x_wconf 87' lang='lat' dir='ltr'>approbatur.</span> <span class='ocrx_word' id='word_1_641' title='bbox 1866 3362 1877 3395; x_wconf 81' lang='lat' dir='ltr'>a</span> 
     </span>
     <span class='ocr_line' id='line_1_94' title="bbox 1082 3423 1882 3504; baseline 0.015 -24"><span class='ocrx_word' id='word_1_642' title='bbox 1082 3425 1132 3496; x_wconf 77' lang='lat' dir='ltr'>(lle</span> <span class='ocrx_word' id='word_1_643' title='bbox 1144 3423 1248 3498; x_wconf 81' lang='lat' dir='ltr'>Nuptiis</span> <span class='ocrx_word' id='word_1_644' title='bbox 1261 3436 1283 3484; x_wconf 84' lang='lat' dir='ltr'>et</span> <span class='ocrx_word' id='word_1_645' title='bbox 1293 3426 1498 3501; x_wconf 77' lang='lat' dir='ltr'>Concupiscentia</span> <span class='ocrx_word' id='word_1_646' title='bbox 1507 3428 1580 3500; x_wconf 61' lang='lat' dir='ltr'>iim,</span> <span class='ocrx_word' id='word_1_647' title='bbox 1591 3429 1679 3503; x_wconf 66' lang='lat' dir='ltr'>crib).</span> <span class='ocrx_word' id='word_1_648' title='bbox 1691 3427 1743 3489; x_wconf 85' lang='lat' dir='ltr'>Sed</span> <span class='ocrx_word' id='word_1_649' title='bbox 1749 3437 1882 3504; x_wconf 82' lang='lat' dir='ltr'>praeteriit</span> 
     </span>
     <span class='ocr_line' id='line_1_95' title="bbox 1082 3516 1883 3594; baseline 0.011 -20"><span class='ocrx_word' id='word_1_650' title='bbox 1082 3517 1147 3574; x_wconf 90' lang='lat' dir='ltr'>illud</span> <span class='ocrx_word' id='word_1_651' title='bbox 1160 3516 1230 3590; x_wconf 81' lang='lat' dir='ltr'>quod</span> <span class='ocrx_word' id='word_1_652' title='bbox 1240 3517 1344 3574; x_wconf 88' lang='lat' dir='ltr'>subdidi</span> <span class='ocrx_word' id='word_1_653' title='bbox 1359 3537 1366 3575; x_wconf 93' lang='lat'><strong>:</strong></span> <span class='ocrx_word' id='word_1_654' title='bbox 1382 3537 1391 3572; x_wconf 83' lang='lat' dir='ltr'>r</span> <span class='ocrx_word' id='word_1_655' title='bbox 1404 3521 1441 3577; x_wconf 89' lang='lat' dir='ltr'>De</span> <span class='ocrx_word' id='word_1_656' title='bbox 1456 3534 1589 3588; x_wconf 90' lang='lat' dir='ltr'>reautem,</span> <span class='ocrx_word' id='word_1_657' title='bbox 1602 3539 1661 3594; x_wconf 72' lang='lat' dir='ltr'>quae</span> <span class='ocrx_word' id='word_1_658' title='bbox 1673 3523 1791 3581; x_wconf 87' lang='lat' dir='ltr'>instituta</span> <span class='ocrx_word' id='word_1_659' title='bbox 1800 3537 1883 3582; x_wconf 82' lang='lat' dir='ltr'>natu-</span> 
     </span>
     <span class='ocr_line' id='line_1_96' title="bbox 1081 3609 1879 3688; baseline 0.013 -23"><span class='ocrx_word' id='word_1_660' title='bbox 1081 3610 1184 3676; x_wconf 87' lang='lat' dir='ltr'>raliter,</span> <span class='ocrx_word' id='word_1_661' title='bbox 1201 3609 1230 3666; x_wconf 89' lang='lat' dir='ltr'>lit</span> <span class='ocrx_word' id='word_1_662' title='bbox 1242 3610 1251 3643; x_wconf 94' lang='lat'>¹</span> <span class='ocrx_word' id='word_1_663' title='bbox 1264 3611 1406 3684; x_wconf 80' lang='lat' dir='ltr'>aliquando</span> <span class='ocrx_word' id='word_1_664' title='bbox 1422 3613 1502 3670; x_wconf 90' lang='lat' dir='ltr'>etiam</span> <span class='ocrx_word' id='word_1_665' title='bbox 1515 3615 1631 3686; x_wconf 87' lang='lat' dir='ltr'>amplum</span> <span class='ocrx_word' id='word_1_666' title='bbox 1649 3632 1747 3672; x_wconf 90' lang='lat' dir='ltr'>munus</span> <span class='ocrx_word' id='word_1_667' title='bbox 1759 3617 1879 3688; x_wconf 89' lang='lat' dir='ltr'>piorum,</span> 
     </span>
     <span class='ocr_line' id='line_1_97' title="bbox 1082 3699 1869 3779; baseline 0.009 -23"><span class='ocrx_word' id='word_1_668' title='bbox 1082 3699 1264 3757; x_wconf 91' lang='lat' dir='ltr'>diabolussibi</span> <span class='ocrx_word' id='word_1_669' title='bbox 1273 3717 1322 3758; x_wconf 89' lang='lat' dir='ltr'>uec</span> <span class='ocrx_word' id='word_1_670' title='bbox 1335 3712 1378 3757; x_wconf 85' lang='lat' dir='ltr'>tua</span> <span class='ocrx_word' id='word_1_671' title='bbox 1392 3701 1479 3760; x_wconf 89' lang='lat' dir='ltr'>lroutc</span> <span class='ocrx_word' id='word_1_672' title='bbox 1493 3705 1572 3761; x_wconf 86' lang='lat' dir='ltr'>atrdct</span> <span class='ocrx_word' id='word_1_673' title='bbox 1581 3702 1681 3779; x_wconf 89' lang='lat' dir='ltr'>aliquid</span> <span class='ocrx_word' id='word_1_674' title='bbox 1693 3707 1840 3765; x_wconf 82' lang='lat' dir='ltr'>uindicare.</span> <span class='ocrx_word' id='word_1_675' title='bbox 1858 3729 1869 3763; x_wconf 85' lang='lat' dir='ltr'>r</span> 
     </span>
    </p>

    <p class='ocr_par' dir='ltr' id='par_1_12' title="bbox 1082 3793 1885 5808">
     <span class='ocr_line' id='line_1_98' title="bbox 1118 3793 1881 3872; baseline 0.014 -24"><span class='ocrx_word' id='word_1_676' title='bbox 1118 3793 1186 3851; x_wconf 82' lang='lat' dir='ltr'>duc.</span> <span class='ocrx_word' id='word_1_677' title='bbox 1201 3794 1246 3849; x_wconf 89' lang='lat' dir='ltr'>lile</span> <span class='ocrx_word' id='word_1_678' title='bbox 1260 3793 1311 3851; x_wconf 90' lang='lat' dir='ltr'>hoc</span> <span class='ocrx_word' id='word_1_679' title='bbox 1333 3797 1513 3866; x_wconf 78' lang='lat' dir='ltr'>praetermisit,</span> <span class='ocrx_word' id='word_1_680' title='bbox 1528 3797 1573 3869; x_wconf 91' lang='lat' dir='ltr'>qui</span> <span class='ocrx_word' id='word_1_681' title='bbox 1588 3815 1646 3854; x_wconf 88' lang='lat' dir='ltr'>eam</span> <span class='ocrx_word' id='word_1_682' title='bbox 1661 3800 1705 3856; x_wconf 91' lang='lat' dir='ltr'>cui</span> <span class='ocrx_word' id='word_1_683' title='bbox 1726 3799 1881 3872; x_wconf 87' lang='lat' dir='ltr'>responde-</span> 
     </span>
     <span class='ocr_line' id='line_1_99' title="bbox 1082 3884 1883 3966; baseline 0.012 -24"><span class='ocrx_word' id='word_1_684' title='bbox 1082 3884 1155 3954; x_wconf 92' lang='lat' dir='ltr'>bam,</span> <span class='ocrx_word' id='word_1_685' title='bbox 1179 3885 1326 3944; x_wconf 87' lang='lat' dir='ltr'>clrartulam</span> <span class='ocrx_word' id='word_1_686' title='bbox 1349 3889 1438 3958; x_wconf 88' lang='lat' dir='ltr'>misit;</span> <span class='ocrx_word' id='word_1_687' title='bbox 1454 3889 1567 3947; x_wconf 86' lang='lat' dir='ltr'>lortasse</span> <span class='ocrx_word' id='word_1_688' title='bbox 1581 3892 1733 3964; x_wconf 80' lang='lat' dir='ltr'>intelligens</span> <span class='ocrx_word' id='word_1_689' title='bbox 1753 3893 1826 3966; x_wconf 83' lang='lat' dir='ltr'>quod</span> <span class='ocrx_word' id='word_1_690' title='bbox 1851 3906 1883 3952; x_wconf 87' lang='lat' dir='ltr'>tu</span> 
     </span>
     <span class='ocr_line' id='line_1_100' title="bbox 1082 3979 1877 4056; baseline 0.013 -22"><span class='ocrx_word' id='word_1_691' title='bbox 1082 3994 1135 4035; x_wconf 91' lang='lat' dir='ltr'>uon</span> <span class='ocrx_word' id='word_1_692' title='bbox 1148 3979 1281 4051; x_wconf 73' lang='lat' dir='ltr'>intelligis,</span> <span class='ocrx_word' id='word_1_693' title='bbox 1298 3981 1342 4052; x_wconf 88' lang='lat' dir='ltr'>qui</span> <span class='ocrx_word' id='word_1_694' title='bbox 1356 3990 1409 4036; x_wconf 90' lang='lat' dir='ltr'>tam</span> <span class='ocrx_word' id='word_1_695' title='bbox 1422 3981 1528 4038; x_wconf 86' lang='lat' dir='ltr'>incaute</span> <span class='ocrx_word' id='word_1_696' title='bbox 1541 3983 1645 4041; x_wconf 91' lang='lat' dir='ltr'>locutus</span> <span class='ocrx_word' id='word_1_697' title='bbox 1657 4000 1698 4054; x_wconf 90' lang='lat' dir='ltr'>cs,</span> <span class='ocrx_word' id='word_1_698' title='bbox 1716 3994 1745 4042; x_wconf 91' lang='lat' dir='ltr'>ut</span> <span class='ocrx_word' id='word_1_699' title='bbox 1755 3985 1877 4056; x_wconf 89' lang='lat' dir='ltr'>diceres,</span> 
     </span>
     <span class='ocr_line' id='line_1_101' title="bbox 1086 4071 1876 4148; baseline 0.011 -24"><span class='ocrx_word' id='word_1_700' title='bbox 1086 4090 1096 4124; x_wconf 89' lang='lat' dir='ltr'>r</span> <span class='ocrx_word' id='word_1_701' title='bbox 1115 4072 1153 4126; x_wconf 84' lang='lat' dir='ltr'>lle</span> <span class='ocrx_word' id='word_1_702' title='bbox 1164 4086 1193 4127; x_wconf 85' lang='lat' dir='ltr'>re</span> <span class='ocrx_word' id='word_1_703' title='bbox 1207 4071 1326 4128; x_wconf 87' lang='lat' dir='ltr'>instituta</span> <span class='ocrx_word' id='word_1_704' title='bbox 1340 4071 1504 4141; x_wconf 90' lang='lat' dir='ltr'>naturaliter,</span> <span class='ocrx_word' id='word_1_705' title='bbox 1520 4090 1579 4145; x_wconf 75' lang='lat' dir='ltr'>quas</span> <span class='ocrx_word' id='word_1_706' title='bbox 1595 4073 1625 4129; x_wconf 84' lang='lat' dir='ltr'>dt</span> <span class='ocrx_word' id='word_1_707' title='bbox 1637 4075 1779 4148; x_wconf 87' lang='lat' dir='ltr'>aliquando</span> <span class='ocrx_word' id='word_1_708' title='bbox 1789 4078 1876 4134; x_wconf 86' lang='lat' dir='ltr'>ctiam</span> 
     </span>
     <span class='ocr_line' id='line_1_102' title="bbox 1082 4163 1880 4240; baseline 0.011 -22"><span class='ocrx_word' id='word_1_709' title='bbox 1082 4163 1200 4234; x_wconf 79' lang='lat' dir='ltr'>anulum</span> <span class='ocrx_word' id='word_1_710' title='bbox 1213 4180 1308 4220; x_wconf 83' lang='lat' dir='ltr'>uranus</span> <span class='ocrx_word' id='word_1_711' title='bbox 1322 4165 1435 4236; x_wconf 90' lang='lat' dir='ltr'>piorum,</span> <span class='ocrx_word' id='word_1_712' title='bbox 1446 4182 1499 4222; x_wconf 91' lang='lat' dir='ltr'>uon</span> <span class='ocrx_word' id='word_1_713' title='bbox 1510 4167 1609 4224; x_wconf 89' lang='lat' dir='ltr'>audere</span> <span class='ocrx_word' id='word_1_714' title='bbox 1623 4167 1758 4225; x_wconf 88' lang='lat' dir='ltr'>diabolum</span> <span class='ocrx_word' id='word_1_715' title='bbox 1771 4167 1880 4240; x_wconf 84' lang='lat' dir='ltr'>aliquid</span> 
     </span>
     <span class='ocr_line' id='line_1_103' title="bbox 1083 4256 1884 4332; baseline 0.011 -22"><span class='ocrx_word' id='word_1_716' title='bbox 1083 4256 1133 4312; x_wconf 87' lang='lat' dir='ltr'>sibi</span> <span class='ocrx_word' id='word_1_717' title='bbox 1144 4257 1279 4314; x_wconf 76' lang='lat' dir='ltr'>vindicare</span> <span class='ocrx_word' id='word_1_718' title='bbox 1293 4275 1299 4312; x_wconf 92' lang='lat'>:</span> <span class='ocrx_word' id='word_1_719' title='bbox 1320 4278 1330 4311; x_wconf 84' lang='lat' dir='ltr'>r</span> <span class='ocrx_word' id='word_1_720' title='bbox 1344 4274 1405 4314; x_wconf 85' lang='lat' dir='ltr'>curu</span> <span class='ocrx_word' id='word_1_721' title='bbox 1419 4257 1563 4314; x_wconf 86' lang='lat' dir='ltr'>rideamus</span> <span class='ocrx_word' id='word_1_722' title='bbox 1581 4261 1652 4332; x_wconf 88' lang='lat' dir='ltr'>qnod</span> <span class='ocrx_word' id='word_1_723' title='bbox 1667 4261 1739 4331; x_wconf 90' lang='lat' dir='ltr'>ipsos</span> <span class='ocrx_word' id='word_1_724' title='bbox 1753 4259 1884 4318; x_wconf 86' lang='lat' dir='ltr'>homiues</span> 
     </span>
     <span class='ocr_line' id='line_1_104' title="bbox 1084 4347 1865 4424; baseline 0.006 -19"><span class='ocrx_word' id='word_1_725' title='bbox 1084 4347 1204 4405; x_wconf 90' lang='lat' dir='ltr'>diabolus</span> <span class='ocrx_word' id='word_1_726' title='bbox 1218 4351 1269 4408; x_wconf 91' lang='lat' dir='ltr'>sibi</span> <span class='ocrx_word' id='word_1_727' title='bbox 1285 4350 1410 4419; x_wconf 90' lang='lat' dir='ltr'>vindicet,</span> <span class='ocrx_word' id='word_1_728' title='bbox 1426 4352 1470 4422; x_wconf 89' lang='lat' dir='ltr'>qui</span> <span class='ocrx_word' id='word_1_729' title='bbox 1486 4351 1576 4424; x_wconf 84' lang='lat' dir='ltr'>utiquc</span> <span class='ocrx_word' id='word_1_730' title='bbox 1589 4351 1745 4408; x_wconf 88' lang='lat' dir='ltr'>naturaliter</span> <span class='ocrx_word' id='word_1_731' title='bbox 1766 4351 1865 4410; x_wconf 88' lang='lat' dir='ltr'>institu</span> 
     </span>
     <span class='ocr_line' id='line_1_105' title="bbox 1084 4439 1881 4518; baseline 0.005 -22"><span class='ocrx_word' id='word_1_732' title='bbox 1084 4439 1103 4496; x_wconf 90' lang='lat' dir='ltr'>ti</span> <span class='ocrx_word' id='word_1_733' title='bbox 1118 4449 1188 4497; x_wconf 84' lang='lat' dir='ltr'>sum.</span> <span class='ocrx_word' id='word_1_734' title='bbox 1201 4441 1242 4496; x_wconf 82' lang='lat' dir='ltr'>du</span> <span class='ocrx_word' id='word_1_735' title='bbox 1265 4439 1333 4498; x_wconf 91' lang='lat' dir='ltr'>lorte</span> <span class='ocrx_word' id='word_1_736' title='bbox 1344 4441 1465 4498; x_wconf 87' lang='lat' dir='ltr'>homiues</span> <span class='ocrx_word' id='word_1_737' title='bbox 1478 4459 1531 4499; x_wconf 91' lang='lat' dir='ltr'>nou</span> <span class='ocrx_word' id='word_1_738' title='bbox 1549 4452 1622 4509; x_wconf 89' lang='lat' dir='ltr'>suut,</span> <span class='ocrx_word' id='word_1_739' title='bbox 1636 4445 1681 4518; x_wconf 88' lang='lat' dir='ltr'>qui</span> <span class='ocrx_word' id='word_1_740' title='bbox 1695 4454 1825 4500; x_wconf 89' lang='lat' dir='ltr'>eruuntur</span> <span class='ocrx_word' id='word_1_741' title='bbox 1843 4443 1881 4505; x_wconf 77' lang='lat' dir='ltr'>dt,</span> 
     </span>
     <span class='ocr_line' id='line_1_106' title="bbox 1084 4533 1879 4607; baseline 0.008 -21"><span class='ocrx_word' id='word_1_742' title='bbox 1084 4541 1213 4606; x_wconf 87' lang='lat' dir='ltr'>potestate</span> <span class='ocrx_word' id='word_1_743' title='bbox 1240 4535 1419 4601; x_wconf 88' lang='lat' dir='ltr'>tenebrarum,</span> <span class='ocrx_word' id='word_1_744' title='bbox 1433 4550 1545 4607; x_wconf 89' lang='lat' dir='ltr'>quarum</span> <span class='ocrx_word' id='word_1_745' title='bbox 1561 4544 1633 4592; x_wconf 90' lang='lat' dir='ltr'>tenet</span> <span class='ocrx_word' id='word_1_746' title='bbox 1652 4533 1773 4592; x_wconf 89' lang='lat' dir='ltr'>diabolus</span> <span class='ocrx_word' id='word_1_747' title='bbox 1798 4537 1879 4607; x_wconf 91' lang='lat' dir='ltr'>prin·</span> 
     </span>
     <span class='ocr_line' id='line_1_107' title="bbox 1084 4621 1883 4696; baseline 0.008 -16"><span class='ocrx_word' id='word_1_748' title='bbox 1084 4624 1199 4695; x_wconf 90' lang='lat' dir='ltr'>eipatum</span> <span class='ocrx_word' id='word_1_749' title='bbox 1212 4625 1281 4680; x_wconf 82' lang='lat' dir='ltr'>lant</span> <span class='ocrx_word' id='word_1_750' title='bbox 1299 4639 1363 4681; x_wconf 86' lang='lat' dir='ltr'>tero</span> <span class='ocrx_word' id='word_1_751' title='bbox 1377 4625 1413 4681; x_wconf 83' lang='lat' dir='ltr'>ita</span> <span class='ocrx_word' id='word_1_752' title='bbox 1432 4623 1541 4696; x_wconf 87' lang='lat' dir='ltr'>desipis,</span> <span class='ocrx_word' id='word_1_753' title='bbox 1568 4634 1597 4681; x_wconf 91' lang='lat' dir='ltr'>ut</span> <span class='ocrx_word' id='word_1_754' title='bbox 1618 4621 1737 4683; x_wconf 86' lang='lat' dir='ltr'>albrmes</span> <span class='ocrx_word' id='word_1_755' title='bbox 1757 4642 1803 4683; x_wconf 90' lang='lat' dir='ltr'>eos</span> <span class='ocrx_word' id='word_1_756' title='bbox 1825 4627 1883 4686; x_wconf 90' lang='lat' dir='ltr'>sibl</span> 
     </span>
     <span class='ocr_line' id='line_1_108' title="bbox 1083 4714 1876 4792; baseline 0.005 -20"><span class='ocrx_word' id='word_1_757' title='bbox 1083 4714 1217 4773; x_wconf 89' lang='lat' dir='ltr'>diabolum</span> <span class='ocrx_word' id='word_1_758' title='bbox 1233 4733 1285 4772; x_wconf 88' lang='lat' dir='ltr'>nou</span> <span class='ocrx_word' id='word_1_759' title='bbox 1297 4716 1441 4786; x_wconf 84' lang='lat' dir='ltr'>vindicare,</span> <span class='ocrx_word' id='word_1_760' title='bbox 1456 4733 1523 4788; x_wconf 83' lang='lat' dir='ltr'>quus</span> <span class='ocrx_word' id='word_1_761' title='bbox 1538 4716 1668 4788; x_wconf 90' lang='lat' dir='ltr'>possidet,</span> <span class='ocrx_word' id='word_1_762' title='bbox 1682 4726 1710 4775; x_wconf 92' lang='lat' dir='ltr'>et</span> <span class='ocrx_word' id='word_1_763' title='bbox 1723 4735 1778 4776; x_wconf 78' lang='lat' dir='ltr'>suae</span> <span class='ocrx_word' id='word_1_764' title='bbox 1798 4729 1876 4792; x_wconf 84' lang='lat' dir='ltr'>potc-</span> 
     </span>
     <span class='ocr_line' id='line_1_109' title="bbox 1084 4805 1883 4881; baseline 0.005 -19"><span class='ocrx_word' id='word_1_765' title='bbox 1084 4809 1146 4864; x_wconf 87' lang='lat' dir='ltr'>stati</span> <span class='ocrx_word' id='word_1_766' title='bbox 1160 4808 1279 4864; x_wconf 90' lang='lat' dir='ltr'>subditos</span> <span class='ocrx_word' id='word_1_767' title='bbox 1294 4807 1387 4864; x_wconf 83' lang='lat' dir='ltr'>teneti</span> <span class='ocrx_word' id='word_1_768' title='bbox 1406 4807 1460 4864; x_wconf 85' lang='lat' dir='ltr'>Sed</span> <span class='ocrx_word' id='word_1_769' title='bbox 1475 4818 1502 4863; x_wconf 92' lang='lat' dir='ltr'>ut</span> <span class='ocrx_word' id='word_1_770' title='bbox 1513 4817 1614 4864; x_wconf 88' lang='lat' dir='ltr'>taceam</span> <span class='ocrx_word' id='word_1_771' title='bbox 1627 4805 1660 4864; x_wconf 92' lang='lat' dir='ltr'>de</span> <span class='ocrx_word' id='word_1_772' title='bbox 1673 4808 1731 4877; x_wconf 86' lang='lat' dir='ltr'>tris,</span> <span class='ocrx_word' id='word_1_773' title='bbox 1747 4825 1814 4881; x_wconf 83' lang='lat' dir='ltr'>quos</span> <span class='ocrx_word' id='word_1_774' title='bbox 1829 4827 1883 4880; x_wconf 86' lang='lat' dir='ltr'>po-</span> 
     </span>
     <span class='ocr_line' id='line_1_110' title="bbox 1084 4901 1885 4970; baseline 0.002 -14"><span class='ocrx_word' id='word_1_775' title='bbox 1084 4903 1159 4956; x_wconf 89' lang='lat' dir='ltr'>testis</span> <span class='ocrx_word' id='word_1_776' title='bbox 1171 4901 1272 4969; x_wconf 89' lang='lat' dir='ltr'>dicere,</span> <span class='ocrx_word' id='word_1_777' title='bbox 1292 4916 1339 4970; x_wconf 91' lang='lat' dir='ltr'>per</span> <span class='ocrx_word' id='word_1_778' title='bbox 1363 4915 1437 4956; x_wconf 88' lang='lat' dir='ltr'>suam</span> <span class='ocrx_word' id='word_1_779' title='bbox 1451 4901 1549 4956; x_wconf 87' lang='lat' dir='ltr'>malam</span> <span class='ocrx_word' id='word_1_780' title='bbox 1570 4901 1735 4958; x_wconf 86' lang='lat' dir='ltr'>uoluntatem</span> <span class='ocrx_word' id='word_1_781' title='bbox 1747 4901 1885 4959; x_wconf 88' lang='lat' dir='ltr'>adiabnlo</span> 
     </span>
     <span class='ocr_line' id='line_1_111' title="bbox 1084 4989 1885 5067; baseline 0.005 -20"><span class='ocrx_word' id='word_1_782' title='bbox 1084 4991 1239 5066; x_wconf 89' lang='lat' dir='ltr'>possideri:</span> <span class='ocrx_word' id='word_1_783' title='bbox 1261 4989 1323 5063; x_wconf 86' lang='lat' dir='ltr'>quid</span> <span class='ocrx_word' id='word_1_784' title='bbox 1352 4991 1469 5047; x_wconf 88' lang='lat' dir='ltr'>dicturus</span> <span class='ocrx_word' id='word_1_785' title='bbox 1493 5007 1522 5048; x_wconf 85' lang='lat' dir='ltr'>es</span> <span class='ocrx_word' id='word_1_786' title='bbox 1545 4991 1578 5048; x_wconf 93' lang='lat' dir='ltr'>de</span> <span class='ocrx_word' id='word_1_787' title='bbox 1604 4991 1660 5061; x_wconf 91' lang='lat' dir='ltr'>illo,</span> <span class='ocrx_word' id='word_1_788' title='bbox 1678 4991 1710 5049; x_wconf 90' lang='lat' dir='ltr'>dc</span> <span class='ocrx_word' id='word_1_789' title='bbox 1733 5010 1785 5066; x_wconf 87' lang='lat' dir='ltr'>quo</span> <span class='ocrx_word' id='word_1_790' title='bbox 1799 5005 1885 5067; x_wconf 88' lang='lat' dir='ltr'>pater</span> 
     </span>
     <span class='ocr_line' id='line_1_112' title="bbox 1084 5080 1882 5156; baseline 0.005 -17"><span class='ocrx_word' id='word_1_791' title='bbox 1084 5083 1177 5154; x_wconf 89' lang='lat' dir='ltr'>ipsius,</span> <span class='ocrx_word' id='word_1_792' title='bbox 1195 5081 1306 5138; x_wconf 85' lang='lat' dir='ltr'>Dotuiuo</span> <span class='ocrx_word' id='word_1_793' title='bbox 1321 5081 1516 5154; x_wconf 77' lang='lat' dir='ltr'>interrogante,</span> <span class='ocrx_word' id='word_1_794' title='bbox 1533 5083 1680 5155; x_wconf 91' lang='lat' dir='ltr'>respoudit,</span> <span class='ocrx_word' id='word_1_795' title='bbox 1694 5080 1764 5156; x_wconf 77' lang='lat' dir='ltr'>quod</span> <span class='ocrx_word' id='word_1_796' title='bbox 1788 5101 1820 5140; x_wconf 82' lang='lat' dir='ltr'>ca·</span> <span class='ocrx_word' id='word_1_797' title='bbox 1835 5085 1882 5142; x_wconf 90' lang='lat' dir='ltr'>iu-</span> 
     </span>
     <span class='ocr_line' id='line_1_113' title="bbox 1085 5173 1879 5250; baseline 0.005 -20"><span class='ocrx_word' id='word_1_798' title='bbox 1085 5174 1164 5230; x_wconf 84' lang='lat' dir='ltr'>lnutia</span> <span class='ocrx_word' id='word_1_799' title='bbox 1186 5189 1233 5230; x_wconf 89' lang='lat' dir='ltr'>sua</span> <span class='ocrx_word' id='word_1_800' title='bbox 1244 5173 1278 5229; x_wconf 89' lang='lat' dir='ltr'>ab</span> <span class='ocrx_word' id='word_1_801' title='bbox 1290 5173 1530 5246; x_wconf 89' lang='lat' dir='ltr'>immundospiritu</span> <span class='ocrx_word' id='word_1_802' title='bbox 1553 5185 1695 5232; x_wconf 75' lang='lat' dir='ltr'>vexaretur</span> <span class='ocrx_word' id='word_1_803' title='bbox 1710 5175 1721 5250; x_wconf 90' lang='grc'>(</span> <span class='ocrx_word' id='word_1_804' title='bbox 1736 5175 1819 5232; x_wconf 78' lang='lat' dir='ltr'>llere.</span> <span class='ocrx_word' id='word_1_805' title='bbox 1838 5195 1879 5248; x_wconf 83' lang='lat' dir='ltr'>rx,</span> 
     </span>
     <span class='ocr_line' id='line_1_114' title="bbox 1083 5263 1883 5339; baseline 0.005 -18"><span class='ocrx_word' id='word_1_806' title='bbox 1083 5264 1137 5338; x_wconf 71' lang='lat'>20)</span> <span class='ocrx_word' id='word_1_807' title='bbox 1150 5263 1265 5321; x_wconf 81' lang='lat' dir='ltr'>‘iNoune</span> <span class='ocrx_word' id='word_1_808' title='bbox 1278 5266 1397 5321; x_wconf 90' lang='lat' dir='ltr'>membra</span> <span class='ocrx_word' id='word_1_809' title='bbox 1408 5265 1466 5338; x_wconf 83' lang='lat' dir='ltr'>ejus</span> <span class='ocrx_word' id='word_1_810' title='bbox 1478 5274 1505 5321; x_wconf 91' lang='lat' dir='ltr'>et</span> <span class='ocrx_word' id='word_1_811' title='bbox 1517 5279 1624 5336; x_wconf 87' lang='lat' dir='ltr'>seusus,</span> <span class='ocrx_word' id='word_1_812' title='bbox 1640 5283 1699 5339; x_wconf 81' lang='lat' dir='ltr'>qtrae</span> <span class='ocrx_word' id='word_1_813' title='bbox 1716 5269 1804 5322; x_wconf 87' lang='lat' dir='ltr'>ornnia</span> <span class='ocrx_word' id='word_1_814' title='bbox 1821 5269 1883 5325; x_wconf 79' lang='lat' dir='ltr'>lieo</span> 
     </span>
     <span class='ocr_line' id='line_1_115' title="bbox 1083 5354 1883 5429; baseline 0.005 -17"><span class='ocrx_word' id='word_1_815' title='bbox 1083 5368 1192 5412; x_wconf 88' lang='lat' dir='ltr'>auctore</span> <span class='ocrx_word' id='word_1_816' title='bbox 1207 5355 1361 5413; x_wconf 89' lang='lat' dir='ltr'>naturaliter</span> <span class='ocrx_word' id='word_1_817' title='bbox 1373 5354 1493 5413; x_wconf 89' lang='lat' dir='ltr'>instituta</span> <span class='ocrx_word' id='word_1_818' title='bbox 1507 5365 1578 5425; x_wconf 86' lang='lat' dir='ltr'>suut,</span> <span class='ocrx_word' id='word_1_819' title='bbox 1593 5367 1620 5414; x_wconf 88' lang='lat' dir='ltr'>et</span> <span class='ocrx_word' id='word_1_820' title='bbox 1635 5355 1776 5429; x_wconf 87' lang='lat' dir='ltr'>impiorum</span> <span class='ocrx_word' id='word_1_821' title='bbox 1800 5375 1883 5416; x_wconf 91' lang='lat' dir='ltr'>eom·</span> 
     </span>
     <span class='ocr_line' id='line_1_116' title="bbox 1084 5450 1882 5525; baseline 0.006 -19"><span class='ocrx_word' id='word_1_822' title='bbox 1084 5453 1174 5508; x_wconf 91' lang='lat' dir='ltr'>muuia</span> <span class='ocrx_word' id='word_1_823' title='bbox 1200 5451 1355 5525; x_wconf 90' lang='lat' dir='ltr'>piorumque</span> <span class='ocrx_word' id='word_1_824' title='bbox 1383 5459 1444 5506; x_wconf 88' lang='lat' dir='ltr'>sunt</span> <span class='ocrx_word' id='word_1_825' title='bbox 1475 5465 1596 5520; x_wconf 89' lang='lat' dir='ltr'>munera,</span> <span class='ocrx_word' id='word_1_826' title='bbox 1621 5450 1742 5508; x_wconf 91' lang='lat' dir='ltr'>diabolus</span> <span class='ocrx_word' id='word_1_827' title='bbox 1768 5451 1819 5510; x_wconf 87' lang='lat' dir='ltr'>sibi</span> <span class='ocrx_word' id='word_1_828' title='bbox 1850 5463 1882 5511; x_wconf 89' lang='lat' dir='ltr'>ut</span> 
     </span>
     <span class='ocr_line' id='line_1_117' title="bbox 1084 5541 1879 5620; baseline 0 -19"><span class='ocrx_word' id='word_1_829' title='bbox 1084 5542 1213 5620; x_wconf 81' lang='lat' dir='ltr'>affligeret</span> <span class='ocrx_word' id='word_1_830' title='bbox 1239 5541 1387 5601; x_wconf 84' lang='lat' dir='ltr'>vindicabat</span> <span class='ocrx_word' id='word_1_831' title='bbox 1399 5543 1411 5598; x_wconf 80' lang='lat' dir='ltr'>i</span> <span class='ocrx_word' id='word_1_832' title='bbox 1423 5542 1499 5614; x_wconf 81' lang='lat' dir='ltr'>Quod</span> <span class='ocrx_word' id='word_1_833' title='bbox 1517 5541 1580 5600; x_wconf 88' lang='lat' dir='ltr'>lieet</span> <span class='ocrx_word' id='word_1_834' title='bbox 1607 5542 1693 5600; x_wconf 88' lang='lat' dir='ltr'>lacere</span> <span class='ocrx_word' id='word_1_835' title='bbox 1708 5559 1761 5600; x_wconf 90' lang='lat' dir='ltr'>non</span> <span class='ocrx_word' id='word_1_836' title='bbox 1771 5555 1879 5620; x_wconf 89' lang='lat' dir='ltr'>posset,</span> 
     </span>
     <span class='ocr_line' id='line_1_118' title="bbox 1083 5635 1882 5708; baseline 0 -13"><span class='ocrx_word' id='word_1_837' title='bbox 1083 5638 1158 5696; x_wconf 91' lang='lat' dir='ltr'>nisia</span> <span class='ocrx_word' id='word_1_838' title='bbox 1172 5647 1292 5695; x_wconf 88' lang='lat' dir='ltr'>creatore</span> <span class='ocrx_word' id='word_1_839' title='bbox 1304 5635 1421 5692; x_wconf 88' lang='lat' dir='ltr'>hominis</span> <span class='ocrx_word' id='word_1_840' title='bbox 1432 5635 1490 5692; x_wconf 80' lang='lat' dir='ltr'>lieo</span> <span class='ocrx_word' id='word_1_841' title='bbox 1506 5635 1576 5692; x_wconf 91' lang='lat' dir='ltr'>buno</span> <span class='ocrx_word' id='word_1_842' title='bbox 1599 5645 1627 5693; x_wconf 92' lang='lat' dir='ltr'>et</span> <span class='ocrx_word' id='word_1_843' title='bbox 1648 5635 1721 5708; x_wconf 86' lang='lat' dir='ltr'>justo</span> <span class='ocrx_word' id='word_1_844' title='bbox 1741 5635 1882 5708; x_wconf 83' lang='lat' dir='ltr'>acciperet</span> 
     </span>
     <span class='ocr_line' id='line_1_119' title="bbox 1084 5729 1878 5808; baseline -0.003 -20"><span class='ocrx_word' id='word_1_845' title='bbox 1084 5741 1260 5808; x_wconf 74' lang='lat' dir='ltr'>potestatem,</span> <span class='ocrx_word' id='word_1_846' title='bbox 1275 5729 1359 5785; x_wconf 75' lang='lat' dir='ltr'>latit¹</span> <span class='ocrx_word' id='word_1_847' title='bbox 1376 5737 1474 5798; x_wconf 89' lang='lat' dir='ltr'>tamen,</span> <span class='ocrx_word' id='word_1_848' title='bbox 1504 5737 1531 5786; x_wconf 91' lang='lat' dir='ltr'>et</span> <span class='ocrx_word' id='word_1_849' title='bbox 1559 5738 1602 5786; x_wconf 91' lang='lat' dir='ltr'>tua</span> <span class='ocrx_word' id='word_1_850' title='bbox 1626 5730 1706 5787; x_wconf 85' lang='lat' dir='ltr'>verba</span> <span class='ocrx_word' id='word_1_851' title='bbox 1728 5729 1878 5786; x_wconf 77' lang='lat' dir='ltr'>vanissima</span> 
     </span>
    </p>
   </div>
   <div class='ocr_carea' id='block_1_8' title="bbox 1117 5861 1480 5991">
    <p class='ocr_par' dir='ltr' id='par_1_13' title="bbox 1117 5861 1480 5991">
     <span class='ocr_line' id='line_1_120' title="bbox 1117 5861 1465 5930; baseline 0 -16"><span class='ocrx_word' id='word_1_852' title='bbox 1117 5869 1125 5901; x_wconf 85' lang='lat'><strong>¹</strong></span> <span class='ocrx_word' id='word_1_853' title='bbox 1145 5868 1287 5930; x_wconf 74' lang='lat' dir='ltr'>signieriuS,</span> <span class='ocrx_word' id='word_1_854' title='bbox 1304 5865 1343 5916; x_wconf 77' lang='lat' dir='ltr'>eit.</span> <span class='ocrx_word' id='word_1_855' title='bbox 1353 5871 1418 5924; x_wconf 70' lang='lat' dir='ltr'>itas,</span> <span class='ocrx_word' id='word_1_856' title='bbox 1429 5861 1465 5928; x_wconf 74' lang='lat' dir='ltr'>fit.</span> 
     </span>
     <span class='ocr_line' id='line_1_121' title="bbox 1117 5927 1480 5991; baseline -0.003 -12"><span class='ocrx_word' id='word_1_857' title='bbox 1117 5933 1127 5960; x_wconf 79' lang='lat'>²</span> <span class='ocrx_word' id='word_1_858' title='bbox 1144 5931 1179 5979; x_wconf 87' lang='lat' dir='ltr'>stc</span> <span class='ocrx_word' id='word_1_859' title='bbox 1191 5938 1242 5978; x_wconf 87' lang='lat' dir='ltr'>uss.</span> <span class='ocrx_word' id='word_1_860' title='bbox 1261 5935 1284 5978; x_wconf 87' lang='lat' dir='ltr'>tn</span> <span class='ocrx_word' id='word_1_861' title='bbox 1298 5927 1480 5991; x_wconf 78' lang='lat' dir='ltr'>t·tga.,sacttan.</span> 
     </span>
    </p>
   </div>
   <div class='ocr_carea' id='block_1_9' title="bbox 0 0 2016 6372">
    <p class='ocr_par' dir='ltr' id='par_1_14' title="bbox 0 0 2016 6372">
     <span class='ocr_line' id='line_1_122' title="bbox 0 0 2016 6372; baseline 0 0"><span class='ocrx_word' id='word_1_862' title='bbox 0 0 2016 6372; x_wconf 95' lang='lat' dir='ltr'> </span> 
     </span>
    </p>
   </div>
  </div>
 </body>
</html>
