4009 6375
26 489 27 498 ¹
101 477 248 529 uoetueem
262 464 411 523 usnemu
421 460 578 522 diabolicam
590 455 708 531 potueris
717 453 881 527 approbarea

101 564 181 633 etjam
194 562 253 630 ipsa
268 560 415 632 praemissu
426 553 612 627 disputationis
625 546 814 621 consequentia
827 545 884 599 cla·

26 693 27 696 =
102 657 199 723 ruisset,
208 653 244 709 ad
256 652 378 724 ejusdem
393 664 500 723 operam
514 659 653 703 recurrere
667 656 775 699 sensnm
791 638 883 703 illam,

102 765 145 822 quo
156 747 365 805 commixtorum
379 755 477 813 eorpus
490 740 620 804 alluitur,
641 736 674 792 ad
686 735 763 805 cuitus
775 730 884 789 irretitu-

26 863 27 894 ι
103 846 192 900 limem
201 854 328 911 corpora,
341 836 465 908 conjugia
477 832 579 891 semirra
588 827 768 887 relcrrcnturl

129 936 194 989 lue.
208 932 269 988 Alia
283 936 326 985 est
338 928 378 985 uls
391 924 539 989 sentiendi,
563 922 634 979 aliud
655 921 747 976 uitium
761 912 889 985 eoncupi-

26 1059 27 1094 ι
103 1024 184 1081 scendi
197 1042 204 1079 :
216 1022 343 1079 discerne
356 1020 410 1076 duo
423 1019 473 1075 ista
485 1017 644 1088 diligenter,
664 1011 718 1067 noli
737 1024 828 1067 errare
841 1006 888 1062 de·

26 1131 27 1136 ¹
102 1116 225 1183 lonniter,
237 1114 295 1169 lllia
304 1120 358 1178 est,
367 1111 487 1181 iuquam,
498 1107 538 1162 uis
551 1103 694 1169 sentiendi,
709 1099 782 1157 aliud
796 1099 888 1155 vitium

26 1199 27 1270 3
103 1205 311 1278 ercomenon.
325 1200 598 1274 uqeevameum:
612 1190 889 1263 perennemque,

26 1279 27 1282 Ἴ
104 1301 226 1356 audaeus
243 1297 279 1351 ud
294 1294 523 1367 concupiscendum
536 1308 607 1358 eum,
623 1290 681 1360 jum
702 1284 840 1341 amictus
853 1291 891 1337 est

26 1411 27 1462 3
104 1412 149 1449 uin
161 1394 189 1449 ia
200 1391 279 1447 eorde
289 1407 337 1447 ruo
349 1387 456 1465 (lletttc
469 1403 495 1452 r,
512 1384 577 1458 28):
595 1399 649 1440 non
660 1381 739 1448 dixit,
752 1378 803 1446 Qui
816 1375 891 1432 ride-

26 1469 27 1486 ³
103 1487 140 1553 rit,
161 1482 234 1555 qarod
251 1492 296 1539 est
312 1480 413 1538 sentire
433 1494 482 1547 per
500 1492 563 1533 eum
585 1488 694 1532 sensnm
713 1465 833 1541 corporis
846 1464 892 1539 qui

26 1605 27 1610 ¹
104 1578 193 1633 dicitur
204 1575 292 1641 slsum
306 1572 366 1639 sed,
381 1571 424 1644 qui
435 1569 536 1635 uiderit,
550 1566 647 1639 iuquit,
663 1564 697 1619 ud
707 1562 892 1634 concupiscen-

26 1727 27 1748 ἦ
104 1671 175 1734 dmi,
195 1666 268 1739 quod
283 1675 325 1723 est
339 1662 430 1719 nidere
446 1661 479 1717 ad
498 1660 608 1716 malum.
628 1656 708 1713 Visus
719 1668 785 1727 erqo
797 1666 894 1710 sensus

105 1761 186 1817 emis
204 1768 247 1815 est
267 1751 596 1826 bonusaeoncupiseentia
610 1765 675 1807 uero
696 1748 785 1805 carnis
806 1754 895 1804 motus

26 1871 27 1916 ἴ
106 1863 141 1909 est
161 1853 262 1907 malus.
277 1849 338 1921 Quo
351 1849 423 1905 malo
436 1847 459 1904 si
472 1846 541 1903 bene
554 1842 820 1915 utitureonjuqatus,
841 1854 895 1909 non

26 1983 27 2026 ,
107 1961 162 2000 cnm
184 1945 285 2000 bonum
305 1939 385 2008 lacit;
397 1939 445 1995 scd
464 1936 538 2009 operi
553 1937 623 1993 bono
635 1929 894 2002 seruireeompellit.

108 2037 177 2093 lacit
189 2035 262 2091 enim
277 2032 385 2089 nonnisi
397 2030 460 2089 boni
472 2029 570 2103 aliquid
582 2038 611 2085 et
621 2043 670 2100 per
684 2027 781 2099 ipsum,
794 2025 816 2081 si
829 2023 897 2081 nilril

107 2126 180 2183 laniat
194 2135 307 2197 propter
318 2125 405 2197 ipsum
417 2140 425 2177 :
435 2123 458 2179 si
471 2130 561 2177 autem
576 2119 656 2177 iaciat
667 2117 778 2190 aliquid,
793 2116 841 2173 sed
854 2124 896 2173 ta-

109 2233 163 2272 raco
177 2218 204 2271 in
218 2215 349 2289 oonjuqc,
364 2221 473 2287 propter
485 2212 589 2282 ipsum,
603 2226 657 2265 non
666 2208 693 2265 ei
705 2208 809 2265 renimn
821 2207 898 2263 daret

108 2309 247 2380 lprstolns
264 2307 350 2380 qratia
372 2305 524 2377 nuptiarum
546 2300 576 2377 (l
591 2300 651 2359 Gor.
672 2315 720 2369 ru,
743 2298 783 2373 6),
800 2298 824 2357 si
843 2312 897 2355 nou

26 2413 27 2448 ἐ
109 2410 262 2471 quiesceret
272 2414 333 2457 este
345 2411 494 2471 petilium·

26 2493 27 2504 ³
137 2492 225 2548 m.
245 2490 307 2548 lox„
327 2489 470 2563 Oporteret
487 2486 596 2561 quidem
618 2484 684 2541 rnilil
704 2490 765 2555 post
782 2482 898 2554 primum

109 2598 182 2655 opus,
196 2584 268 2655 quod
279 2583 314 2639 ad
329 2590 451 2639 sanctum
469 2578 644 2637 anlrantium
660 2575 748 2641 edidi,
761 2590 843 2646 super
852 2589 900 2631 rre-

26 2733 27 2740 ,
109 2678 223 2733 cessarie
244 2674 406 2732 naturalium
430 2673 532 2745 pudore
552 2670 700 2735 disserere;
722 2667 783 2739 quia
805 2665 840 2721 ilri
863 2666 900 2721 ita

26 2781 27 2786 ’
111 2768 183 2837 plene
194 2776 284 2823 ιιιιιιιι
296 2775 355 2832 est,
379 2774 408 2822 nt
420 2764 471 2820 nisi
483 2762 612 2835 depositis
624 2759 734 2817 omnirro
749 2757 900 2825 mentibus,

111 2858 172 2914 nihil
187 2858 251 2915 hine
261 2858 348 2931 possit
359 2854 538 2927 ambiguitatis
549 2852 660 2910 oboriri.

26 2959 27 3026 l
139 2942 900 3017 Aue.Saneteslorteiurlrantius,ipsoopcretnoleeto,

26 3043 27 3070 ³
111 3043 176 3111 quod
193 3042 226 3099 ad
238 3058 300 3099 eum
314 3050 341 3098 te
353 3040 494 3113 scripsisse
513 3052 718 3105 commemoras,
741 3037 824 3093 etiam
837 3048 901 3106 pro-

26 3141 27 3172 r
112 3142 200 3204 pterea
213 3134 240 3190 in
253 3133 413 3192 catholicam
432 3130 513 3189 fidem
527 3130 682 3203 respirauit,
695 3130 821 3204 quoniam
835 3135 861 3184 te
874 3126 901 3183 in

26 3236 27 3267 1
111 3227 150 3281 tali
162 3243 244 3284 ostrea
256 3226 389 3284 deiecisse
403 3225 537 3298 sopirent.

26 3376 27 3379 ,
141 3318 240 3376 ml.
252 3318 314 3376 lun.
327 3317 430 3376 Tamen
441 3332 504 3377 eum
515 3315 641 3373 delensor
653 3313 768 3371 traducis
780 3328 814 3370 ue
829 3311 901 3370 tcum

26 3392 27 3465 Ῐ
111 3410 217 3480 quidem
227 3409 311 3481 possit
323 3410 358 3466 al>
370 3424 404 3466 eo
417 3424 505 3481 unque
517 3405 671 3471 deflectere,
685 3420 827 3476 meumque
840 3404 902 3461 rhe-

113 3503 194 3557 torica
205 3501 337 3574 clcqantia
352 3500 443 3574 latiqet
454 3499 602 3573 pudorem,
623 3497 796 3556 curdiucrsis
817 3499 903 3554 lromi·

26 3580 27 3595 ³
113 3593 205 3648 nibus¹
220 3596 358 3668 negntinm
381 3593 467 3664 ipsum
487 3591 686 3650 commixtionis
697 3591 774 3663 irruat
794 3591 856 3646 ltine
872 3605 904 3646 ea

113 3702 166 3754 quse
182 3686 264 3742 rebus
277 3687 346 3742 actis
357 3686 493 3755 conuenit,
507 3685 636 3757 parcitate
649 3684 816 3741 decernerol
828 3684 862 3740 Et
878 3683 905 3738 in

26 3772 27 3785 ¹
114 3777 159 3832 trin
169 3793 236 3849 erqo
246 3779 317 3845 loco,
331 3789 359 3834 et
371 3778 397 3834 in
411 3777 591 3844 inferioribus,
605 3777 650 3834 ubi
662 3792 712 3849 eqo
724 3775 797 3844 dixi,
815 3795 825 3829 ι
837 3775 905 3833 Pro-

114 3876 163 3932 pter
174 3869 223 3921 lroe
235 3870 360 3940 relinquet
374 3871 449 3926 lamo
469 3879 566 3942 putrent
584 3877 609 3924 et
623 3879 738 3935 nrutrent,
751 3878 775 3924 et
788 3870 905 3924 udlroere-

26 3958 27 3963 ’
116 3959 392 4024 neuuori,·eteruat
412 3963 463 4014 duo
484 3960 511 4016 in
532 3977 609 4016 corne
629 3958 769 4034 unu(Geu.
786 3978 816 4030 n,
840 3961 905 4031 w:

26 4076 27 4087 ι
116 4060 142 4104 ut
156 4051 322 4124 exprimeret
334 4049 414 4108 fidem
432 4067 544 4122 operum
556 4051 687 4126 propheta
702 4067 786 4124 prope
800 4054 906 4122 pericu·

116 4139 166 4197 lum
180 4141 292 4214 pudoris
303 4143 431 4210 accessit;
445 4161 455 4196 r
480 4144 557 4218 qnasi
578 4143 695 4215 predam
713 4144 851 4200 inveniens
863 4159 908 4218 qe-

117 4235 169 4302 stit,
179 4237 307 4303 exsultat,
318 4244 347 4292 ot
361 4235 458 4292 clamat
471 4254 477 4288 :
489 4235 584 4307 Aperte
592 4252 708 4308 prorsus,
720 4246 744 4290 et
753 4238 777 4291 ui
787 4237 906 4303 ueneritis,

26 4334 27 4357 ³
118 4321 213 4396 iuquit,
230 4335 329 4382 extorto
346 4325 491 4396 consessio!
503 4326 611 4383 Dicatur
623 4344 711 4393 ceusu,
726 4344 772 4382 eur
782 4329 810 4382 iu
822 4327 909 4400 expri-

117 4417 209 4472 renui·
220 4417 338 4490 operibus
353 4419 411 4489 lter,
423 4420 548 4492 proplietu
561 4437 641 4493 prope
652 4422 792 4494 periculum
805 4421 911 4494 pudoris

117 4515 252 4569 meuserit.
270 4515 346 4570 ltune
362 4531 420 4572 nero
440 4515 552 4572 ιιιιιιιιιιια
565 4533 643 4588 opero
654 4516 774 4588 pudmdu
790 4533 844 4572 esre
860 4532 911 4572 aon

118 4602 217 4672 delent,
240 4607 286 4663 ud
299 4607 377 4680 plone
387 4609 537 4680 ploriondo,
557 4620 580 4666 et
599 4610 684 4665 diuino
697 4609 817 4682 pudenda
833 4611 912 4666 sunt!

119 4690 190 4750 itone
203 4712 261 4752 uero
274 4701 302 4755 in
315 4702 460 4772 eloquendis
479 4713 503 4757 et
517 4704 686 4775 euprirnendis
705 4703 821 4775 operibus
845 4703 910 4770 oet,

119 4802 166 4840 uera
177 4788 318 4842 liouorutur
330 4793 460 4860 proplietoe
474 4793 513 4845 aet
522 4811 594 4847 tttttor
604 4797 642 4848 uel
656 4797 737 4862 ledor,
750 4796 795 4852 red
807 4797 911 4867 pericii·

26 4904 27 4917 ι
119 4889 186 4932 tetur
197 4880 298 4949 pudor?
319 4879 387 4948 Quid
401 4881 466 4936 eninr
482 4885 561 4953 potuit
581 4883 648 4940 trem
667 4889 760 4958 forme,
775 4889 843 4958 quod
855 4888 912 4958 eius

766 332 865 391 tinen
884 319 1056 399 QUARTUS.

1644 330 1730 405 nest

938 448 1044 519 percuti,
1067 446 1112 503 illo
1130 448 1206 521 pinpo
1225 448 1403 519 uestiqinmqne
1422 450 1525 519 percuti,
1549 448 1594 505 illo
1612 448 1729 505 illccolrru

937 545 1064 615 fomesque
1084 544 1195 616 peccati,
1217 545 1264 600 illa
1283 544 1326 599 teu
1344 546 1371 599 in
1389 544 1504 600 nrmrlris
1521 560 1667 619 repuqnmrs
1679 545 1729 616 loqu

937 639 1037 695 utentis.
1053 638 1138 712 Hujus
1151 638 1237 709 pudet,
1253 647 1277 693 et
1294 639 1381 693 merito
1396 637 1482 709 pudet.
1499 636 1568 693 Num
1580 639 1603 693 ri
1615 640 1663 695 lroe
1679 652 1729 693 non

938 740 1012 795 estet,
1026 731 1169 803 quidnobis
1183 741 1246 787 earet
1255 730 1391 805 irrqrutiur,
1405 731 1466 799 quid
1480 729 1653 801 irreligiosius,
1668 730 1691 785 sl
1703 731 1731 783 in

939 823 1057 879 ntenmrr's
1075 824 1183 889 nostris,
1203 839 1254 879 nen
1268 824 1298 878 de
1312 824 1371 879 uitio
1383 820 1423 877 uel
1434 837 1508 894 poenu
1521 830 1623 886 nostru,
1643 821 1687 875 sed
1701 822 1732 876 de

940 912 988 969 Dei
1002 914 1213 985 confunderemur
1226 914 1342 987 operibus
1364 914 1421 983 (tte
1440 910 1544 985 Nuptiis
1565 919 1586 967 rt
1608 908 1734 983 Concupi-

941 1009 1045 1073 scentia,
1062 1006 1106 1062 ttt.
1125 1008 1153 1075 2,
1168 1024 1194 1063 n.
1210 1006 1275 1075 tell
1288 1005 1388 1064 Claruit
1401 1013 1475 1062 certe
1490 1004 1603 1077 qualiter
1618 1004 1733 1075 gestiat:

940 1098 1038 1170 gaxrdio
1058 1112 1107 1155 sno
1120 1114 1172 1154 nun
1188 1096 1413 1169 potestadlrilrcre
1430 1096 1539 1163 lrorrns;
1560 1104 1633 1153 tenet
1648 1110 1736 1151 meam

942 1191 1112 1255 sententiam,
1136 1205 1188 1261 qna
1206 1189 1449 1261 concupiscentiam
1470 1187 1617 1243 naturalem
1638 1185 1736 1241 malam

944 1283 1028 1353 possit
1042 1282 1194 1349 ostendere,
1210 1292 1238 1339 et
1250 1281 1346 1339 diaboli
1361 1281 1487 1352 operibus
1500 1281 1646 1351 deputare:
1658 1294 1739 1350 qnam

943 1375 1102 1431 sententiam
1124 1374 1158 1431 de
1177 1390 1225 1430 ore
1246 1388 1306 1431 meo
1325 1374 1391 1429 dicit
1410 1374 1434 1429 n
1453 1374 1574 1430 veritatis
1587 1380 1737 1437 extortam,

944 1467 1170 1537 concionaturque
1183 1464 1401 1521 scelestissimum
1422 1473 1502 1535 atquc
1523 1464 1739 1535 profanissimum

945 1572 1023 1624 esse,
1046 1558 1068 1613 si
1087 1573 1119 1613 ca
1132 1574 1192 1629 quar
1206 1573 1222 1613 a
1238 1558 1292 1615 lleo
1311 1558 1377 1613 lacta
1391 1557 1528 1625 dicamus,
1551 1556 1653 1627 pudere
1675 1570 1741 1626 npe-

946 1649 1037 1705 rienda
1051 1646 1193 1707 iaoeamnr.
1206 1648 1260 1707 Sed
1271 1649 1408 1707 alacritate
1418 1650 1576 1705 cornmntior
1587 1663 1641 1704 non
1655 1647 1742 1719 potuit

948 1740 1097 1811 peridemre
1120 1740 1183 1811 qnid
1198 1740 1300 1798 diceret
1314 1757 1321 1795 :
1335 1755 1459 1797 asserens
1478 1742 1549 1797 cuim
1570 1740 1598 1797 in
1615 1741 1742 1813 operibus

947 1832 995 1889 Dei
1019 1832 1171 1905 pudendum
1186 1833 1251 1889 nillil
1264 1848 1343 1902 esse,
1360 1849 1469 1905 operam
1484 1843 1573 1890 auum
1585 1833 1741 1907 genitalium

949 1925 1099 1996 pudendam
1118 1942 1191 1991 esse,
1214 1934 1242 1983 ct
1264 1926 1325 1983 idco
1344 1942 1398 1986 uon
1421 1942 1499 1997 posse
1517 1942 1576 1984 eam
1591 1925 1743 1983 Conditoria

948 2019 1075 2090 operibns
1096 2018 1230 2086 adsorili3
1254 2018 1343 2077 subito
1364 2019 1503 2077 consessus
1525 2028 1567 2077 est
1593 2020 1666 2077 illam
1688 2034 1744 2077 tion

948 2110 1035 2167 solum
1063 2110 1221 2179 honestam,
1249 2110 1297 2167 sed
1325 2110 1406 2167 etiarn
1429 2112 1542 2183 jmtarm
1573 2128 1626 2167 non
1653 2111 1743 2169 solum

949 2211 1059 2259 creante
1074 2201 1138 2270 Deo,
1153 2218 1246 2259 verum
1257 2205 1338 2261 etiam
1348 2204 1496 2275 iudicante,
1513 2205 1611 2271 nostris
1624 2206 1745 2277 corpori·

950 2295 1018 2352 lrus¹
1032 2298 1196 2353 attributam.
1207 2296 1316 2355 Ostendi
1328 2298 1354 2355 in
1367 2299 1445 2355 tertio
1455 2298 1551 2369 prioris
1562 2298 1651 2369 operis
1665 2299 1743 2363 libro,

951 2402 1005 2443 nou
1017 2403 1097 2461 posse
1111 2387 1181 2445 idom
1197 2404 1304 2461 posnam
1318 2404 1377 2445 csse
1392 2388 1463 2461 qnod
1475 2390 1590 2460 culpam.

986 2479 1055 2537 llus.
1070 2480 1127 2535 Non
1143 2480 1301 2543 ostendisti.
1322 2478 1393 2553 qnod
1419 2491 1446 2537 te
1467 2481 1617 2539 ostendisse
1632 2482 1746 2539 ina'nitcr

949 2570 1036 2642 jactas
1045 2589 1053 2627 ι
1062 2572 1116 2628 imo
1129 2572 1210 2629 etiarn
1225 2574 1281 2645 ipsc
1293 2573 1408 2645 quodam
1422 2575 1481 2631 luco
1493 2575 1593 2631 oblitus
1607 2576 1670 2649 qnid
1685 2586 1748 2634 arete

952 2665 1076 2733 dixisses,
1089 2666 1226 2725 conlessns
1239 2682 1268 2725 es
1281 2668 1386 2739 eulpam
1398 2668 1478 2725 ctiam
1493 2684 1599 2741 poenam
1613 2686 1673 2729 esse
1685 2686 1749 2741 pee-

952 2758 1048 2813 cantis.
1056 2757 1132 2829 Quod
1140 2773 1191 2829 ego
1201 2772 1263 2815 eum
1276 2758 1322 2815 utu
1333 2760 1454 2831 superius
1466 2760 1656 2832 responderem
1669 2762 1749 2833 (Gon-

953 2857 995 2905 tru
1006 2847 1155 2918 lulianum,
1170 2848 1214 2905 tlt.
1231 2851 1262 2919 5,
1276 2866 1303 2905 n.
1321 2850 1376 2923 to),
1390 2852 1455 2921 satis
1469 2851 1609 2911 evidenter
1621 2854 1750 2913 ostende·

954 2954 1030 3009 ram,
1051 2940 1131 2997 etiam
1154 2957 1202 3013 per
1219 2942 1378 3014 Apostolum
1399 2943 1515 3015 probans
1533 2945 1620 3016 puniri
1640 2956 1748 3017 peecata
1851 3006 1856 3013 ,

955 3034 1071 3107 peccatis
1081 3052 1089 3093 ι
1099 3035 1143 3107 qui
1157 3050 1218 3093 eum
1237 3036 1272 3093 de
1285 3036 1443 3109 quibusdam
1457 3038 1586 3105 dixisset,
1607 3039 1678 3111 qnod
1696 3040 1748 3096 im·

955 3126 1117 3182 moeruerint
1136 3127 1248 3200 qloriaua
1266 3128 1474 3201 incorruptibilis
1488 3129 1533 3187 net
1549 3130 1576 3187 in
1595 3128 1750 3187 similitudi·

955 3235 1017 3278 nem
1033 3219 1156 3292 lanuginis
1169 3222 1351 3293 corruptibilis
1365 3222 1497 3290 hominis,
1511 3231 1538 3278 et
1553 3223 1707 3288 uolucrum,
1723 3235 1751 3282 et

954 3311 1167 3385 quorumdum,
1179 3321 1206 3370 et
1219 3313 1397 3384 serpentium
1412 3315 1533 3385 protirrns
1548 3314 1598 3373 hoc
1612 3325 1751 3388 peccatum

957 3406 1015 3462 aliis
1031 3407 1145 3476 peccans
1158 3406 1303 3466 ostendens
1314 3421 1376 3464 erse
1390 3409 1529 3477 punitum,
1545 3407 1694 3480 Propterea,
1708 3409 1751 3466 ln·

958 3497 1032 3568 quit,
1047 3497 1153 3553 tradidit
1167 3497 1225 3554 illos
1238 3497 1308 3554 Deru
1319 3499 1347 3554 in
1362 3499 1486 3555 desiderio
1498 3501 1583 3556 cordis
1594 3501 1711 3567 illorum,
1725 3501 1752 3556 ιἰι

957 3592 1160 3659 inrmrmditionr,·
1179 3601 1207 3648 ut
1227 3593 1385 3648 contumeliis
1406 3593 1515 3665 lapident
1534 3611 1640 3667 corpore
1662 3611 1708 3650 suu
1726 3595 1753 3648 in

957 3684 1098 3755 narretipn's
1119 3683 1208 3755 (liunt.
1222 3700 1249 3751 r,
1271 3683 1324 3752 23,
1345 3683 1401 3756 ll),
1418 3695 1444 3741 ct
1458 3695 1554 3742 uetera
1567 3701 1625 3756 qne
1638 3685 1673 3740 ibi
1685 3699 1752 3742 eon·

959 3777 1052 3831 texuit.
1070 3775 1124 3834 llee
1142 3777 1168 3832 in
1187 3776 1293 3834 Psalmo
1312 3776 1467 3842 diceretur,
1483 3777 1753 3848 Apponeinr'qnltnten

958 3884 1035 3940 super
1046 3868 1203 3939 iniquitatem
1216 3885 1313 3937 eorum,
1325 3870 1373 3925 et¹
1388 3886 1438 3925 non
1449 3870 1542 3926 intrent
1557 3871 1583 3926 in
1595 3878 1664 3925 tuum
1676 3869 1753 3943 p'usti·

959 3959 1020 4011 tium
1045 3957 1135 4032 (l'rot.
1150 3974 1249 4027 ιιιιιι,
1262 3958 1328 4031 28);
1344 3959 1394 4016 nisi
1409 3959 1594 4032 iustoiudicio
1613 3960 1660 4016 Dei
1676 3961 1754 4031 puni·

960 4059 1054 4108 rentur
1068 4051 1164 4109 additis
1178 4052 1356 4123 precedentis
1373 4061 1482 4124 peecata
1497 4053 1623 4124 peccatis.

996 4145 1105 4204 xxxlt.
1122 4147 1180 4204 tue.
1197 4147 1232 4202 Et
1250 4147 1311 4206 ideo
1331 4161 1414 4220 super
1432 4147 1483 4204 lroe
1505 4147 1680 4204 laborandum
1703 4161 1756 4204 non

962 4248 1003 4296 est
1013 4257 1019 4294 ι
1031 4239 1191 4298 commendo
1205 4248 1293 4298 tamen
1306 4241 1479 4311 disputatoris
1491 4239 1663 4297 acrimoniam
1675 4239 1696 4305 ⁸,
1711 4241 1757 4310 qni

961 4346 1042 4402 quam
1057 4332 1121 4388 dicit
1132 4347 1148 4388 a
1161 4333 1216 4388 lieo
1228 4331 1371 4399 redditam,
1384 4346 1438 4388 nou
1448 4331 1527 4386 vulta
1541 4332 1595 4386 lton
1607 4331 1755 4396 orieldem:

963 4423 1140 4492 proturntians
1155 4423 1202 4480 Dei
1218 4439 1270 4480 non
1285 4423 1429 4480 etlumenire
1443 4422 1590 4492 operibus,
1612 4421 1683 4492 qnod
1703 4421 1759 4478 uult

962 4514 1021 4586 ejus
1034 4515 1179 4572 convenire
1189 4515 1307 4585 judiciis.

999 4607 1067 4664 Aue.
1088 4609 1204 4678 Apparet
1225 4617 1251 4664 te
1270 4621 1322 4662 non
1345 4607 1494 4678 intelligere
1508 4607 1642 4678 quomodo
1658 4606 1759 4664 dietum

964 4700 1009 4766 sit,
1024 4700 1094 4757 Deus
1108 4709 1213 4754 mortem
1227 4717 1277 4756 non
1289 4701 1349 4768 feeit
1364 4701 1442 4772 (Sap.
1459 4716 1483 4766 1,
1505 4701 1550 4772 le)
1561 4719 1567 4754 :
1577 4701 1653 4769 cnjrnr
1669 4709 1760 4758 tamen

962 4793 1062 4864 iudicio
1072 4793 1117 4864 qui
1129 4802 1221 4863 peccat
1235 4791 1357 4848 moritur.
1369 4791 1500 4850 Conuenit
1512 4807 1576 4866 erqo
1586 4793 1688 4864 jndicio
1700 4795 1759 4864 eiras

966 4893 995 4941 ut
1008 4885 1136 4940 moriatur
1148 4891 1287 4955 peecator;
1311 4899 1362 4940 nce
1375 4893 1463 4942 umen
1474 4887 1551 4958 operi
1564 4886 1623 4958 cjtts
1636 4888 1762 4944 corruenit

26 5008 27 5055 q
119 4971 307 5038 predicatorem
328 4971 423 5044 pudent
437 4973 540 5029 dicere?
554 4973 668 5048 thrtorl
681 4987 716 5032 cst
732 4980 844 5050 qrnuins,
862 4995 912 5050 pu·
966 4979 1123 5048 nrors,quia
1137 4975 1208 5034 Deus
1221 4986 1325 5032 mortem
1336 4993 1387 5033 non
1397 4977 1465 5048 fecit.
1478 4979 1541 5051 Ejus
1552 4980 1649 5050 quippe
1657 4980 1761 5050 jttsttttn

119 5065 174 5118 dent
187 5066 311 5122 dominun
324 5068 435 5140 alicujus
447 5069 540 5140 operis,
551 5070 620 5140 lueet
630 5086 681 5124 non
693 5072 777 5137 lromo,
791 5070 914 5128 redlleue
965 5081 1009 5130 est
1027 5072 1176 5144 judicium,
1198 5081 1227 5128 ut
1249 5080 1358 5142 peceato
1373 5085 1423 5128 suo
1440 5073 1552 5145 quisque
1566 5087 1676 5146 pereat,
1699 5087 1760 5128 oum

26 5178 27 5183 ¹
117 5158 792 5232 {xitinionrinexuuronmesopifieesquuntnnr’
807 5175 914 5236 possum
967 5173 1104 5239 peecatum
1124 5167 1195 5222 Deus
1216 5180 1269 5221 tion
1290 5163 1597 5222 tacutzstemmmum
1613 5181 1664 5221 non
1681 5163 1759 5231 lucit,

118 5249 239 5308 interest
251 5253 379 5310 intuetu
393 5254 420 5310 id
433 5263 525 5326 aqum,
539 5270 571 5309 ne
583 5254 614 5310 de
631 5253 685 5311 ιιιὶι
699 5255 815 5327 operitur
827 5258 915 5329 eraric—
966 5268 994 5314 ct
1007 5267 1096 5314 umen
1110 5271 1189 5328 quern
1206 5265 1291 5312 morte
1305 5255 1413 5330 digitum
1436 5265 1544 5323 censet,
1560 5254 1667 5312 occidit.
1682 5255 1759 5312 Unde

117 5345 209 5398 aaut?
221 5344 275 5402 Sed
287 5351 400 5420 profecto
410 5346 475 5402 illud
485 5363 531 5403 nus
541 5347 628 5418 pudet,
639 5347 707 5414 quod
715 5347 805 5418 puduit
820 5349 915 5420 prinam
968 5353 1076 5424 iegitur,
1089 5351 1159 5409 Deus
1170 5361 1274 5408 neonem
1287 5367 1338 5408 non
1353 5351 1429 5422 lent:
1441 5351 1547 5421 legitur,
1562 5349 1634 5404 llere
1648 5356 1671 5402 et
1686 5349 1762 5402 edon

117 5437 178 5492 illes
191 5437 321 5504 lomnes,
339 5439 442 5510 quando
454 5440 574 5511 pudendo
587 5450 702 5496 texerunt
715 5441 778 5497 :illo
793 5451 828 5496 est
841 5459 916 5513 pune
967 5443 1078 5498 Borrine
1093 5443 1147 5500 Duo
1160 5453 1197 5500 est
1210 5441 1304 5516 (Eucti.
1319 5459 1357 5508 ιι,
1371 5441 1416 5512 lt)
1428 5461 1435 5498 :
1447 5457 1506 5513 qnae
1518 5441 1571 5498 duo
1584 5441 1654 5496 inter
1665 5453 1694 5496 sc
1709 5457 1762 5499 non

149 5551 412 5615 ἰιιιιηιαιιίιιίιιι
967 5551 1029 5594 esse
1045 5537 1179 5594 contraria
1198 5535 1317 5609 prolecto
1337 5535 1427 5602 ridet,
1450 5533 1567 5604 quisquis
1586 5532 1619 5588 atr
1638 5532 1764 5604 operibus

148 5618 160 5651 ¹
178 5624 243 5676 tiss,
254 5615 469 5681 quanto-tiber
480 5618 603 5670 senardus
612 5618 744 5682 delinquis
761 5626 787 5669 et
802 5620 916 5682 corrmrpi·

116 5680 223 5787 {³⁸1¹er
235 5692 260 5728 ¹¹·
277 5678 317 5739 22,
330 5677 387 5737 iliis
407 5690 464 5728 cum
481 5693 562 5731 ‘’llll“
588 5679 685 5753 ‘’lll'fisfl
709 5689 797 5744 qnmno
818 5691 915 5744 imiimi
1002 5701 1009 5730 ¹
1028 5699 1105 5759 lditi,
1123 5697 1243 5764 operibus.
1256 5697 1340 5747 uminis
1353 5703 1417 5751 tiss„
1429 5690 1576 5754 corporibus.

140 5740 335 5799 ὁονεςοιιιιιΙικ
353 5749 436 5791 umen
455 5750 530 5792 nole:
547 5751 814 5806 riolturtsllss.,tttrtt
835 5756 917 5798 ornnes
1000 5763 1318 5826 flignies-insomniique
1351 5765 1371 5808 ,tq

121 5801 364 5864 'Wffiw‘lllsmilllll
376 5810 472 5867 liii-iim
484 5801 572 5854 labili&
592 5822 602 5848 r
639 5814 666 5854 Μ·
1001 5826 1013 5858 ⁸
1029 5825 1125 5874 sienss.
1140 5831 1164 5873 ln
1175 5827 1253 5886 tigm,
1265 5822 1415 5872 ncirrtoninnt.

240 5906 351 5969 διιεῖ.
371 5911 511 5970 Axinusr.
539 5909 580 5968 Χ.
1315 5905 1624 5985 (annunte-trur'sl
