4009 6375
120 378 183 440 ιιιι
791 360 894 427 tinen
911 354 1071 439 pumilus.
1686 371 1763 439 pesp

119 494 205 553 illisit
224 492 316 551 solum
337 489 452 563 probare
464 484 562 543 iuerim
575 490 735 551 ιιιιιιιιιιιι,
750 480 909 553 impeditum
965 484 1083 553 velatum
1096 492 1124 541 ιι
1142 482 1221 541 deses
1235 476 1391 545 redderetur
1399 492 1430 545 ae¹
1443 492 1596 563 negligens,
1609 494 1633 551 si
1646 508 1758 567 semper

119 587 305 653 concubitum,
325 582 442 657 quisine
453 578 566 658 libidine
576 592 637 635 esse
651 590 705 634 non
727 582 848 647 poterat,
862 587 911 643 per
964 584 1037 631 esset
1051 591 1099 647 per
1118 588 1214 634 cuncta
1232 578 1362 651 vulgatus.
1378 599 1388 633 ι
1405 580 1445 637 Ac
1457 598 1504 653 per
1518 584 1581 653 linc,
1605 586 1767 644 secundum·

23 675 24 682 ι
119 684 182 741 inm
202 678 271 746 Μ,
293 675 482 747 ,apicumque
499 688 549 745 per
567 666 759 743 indulgentiam
773 665 838 733 bei,
852 664 912 721 site
966 678 993 727 te
1006 670 1084 743 longe
1098 671 1192 729 melior
1206 672 1341 745 peccando
1354 672 1439 731 iactus
1452 675 1603 733 esthemo:
1619 678 1669 735 nisi
1681 680 1755 736 enim

118 775 232 833 amolitis
245 772 411 839 obsuud'ts,
432 769 490 825 tite
504 763 680 825 irritamentis
691 758 856 819 solemnibus
866 771 912 814 re·
966 774 1112 835 peccasset,
1121 782 1199 838 quem
1210 768 1280 825 Deus
1290 767 1389 825 iecerat
1400 769 1518 826 ¹rectum
1530 768 1626 840 (liceis.
1638 790 1682 841 ιιι,
1696 772 1754 847 etl),

118 871 230 939 stitutis3
247 878 339 927 tamen
352 863 514 923 diabolicum
524 874 580 917 non
593 856 697 925 doceri,
709 852 757 911 sed
770 851 851 909 ctiam
865 863 913 921 per
966 859 1068 915 viseret
1080 858 1260 941 imprudenter
1280 876 1333 917 non
1347 861 1527 935 dignoscendo
1541 863 1567 919 in
1581 880 1695 937 corpore
1705 882 1757 923 suo

118 966 169 1023 boc
181 960 217 1021 ad
235 961 285 1019 oet
297 974 408 1034 operam
427 956 623 1029 pertinentem,
645 950 691 1024 qui
710 945 914 1017 intercorporis
966 950 1040 1007 locos
1053 950 1157 1009 decoris
1169 962 1196 1009 ιι
1213 952 1286 1009 locos
1301 954 1423 1024 pudoris,
1449 964 1476 1012 et
1498 957 1666 1027 impudenter
1685 959 1758 1015 nulla

119 1060 297 1115 instrumente
311 1050 468 1121 mediocria,
482 1048 532 1106 sed
543 1045 662 1115 innoxia,
677 1058 731 1100 non
743 1040 844 1114 specie,
858 1051 914 1095 non
966 1042 1090 1115 velando,
1102 1054 1129 1102 ιι
1141 1046 1304 1120 negligenter
1317 1059 1411 1107 corneto
1422 1051 1573 1123 vulgando:
1588 1054 1757 1125 nequeenim

119 1152 209 1221 modo,
224 1164 322 1207 verum
333 1147 392 1205 tolo
404 1151 529 1218 peccaret
539 1152 663 1200 excessu.
967 1138 1063 1194 vitaret
1073 1138 1131 1197 hec
1142 1141 1214 1210 vitio,
1227 1140 1278 1199 nisi
1292 1144 1327 1211 ei,
1343 1144 1404 1217 quia
1418 1156 1589 1217 peccomrot,
1605 1162 1653 1203 sua
1664 1146 1760 1205 inisset

154 1248 223 1303 Ant.
237 1242 305 1312 Quis
320 1254 373 1296 non
386 1236 528 1307 intelligat,
542 1233 566 1290 sl
579 1232 635 1289 Deo
648 1229 804 1302 indignante
816 1224 916 1283 accidit
967 1231 1074 1289 nuditas
1087 1234 1218 1292 nunciam,

119 1337 217 1411 aliquid
230 1333 339 1407 corpori
355 1330 524 1398 teminorum,
544 1326 615 1383 nnde
627 1322 802 1396 impediretur
814 1334 916 1377 concu-
1004 1323 1084 1381 xvtt.
1100 1325 1160 1383 lut..
1177 1328 1214 1385 ile
1232 1344 1286 1402 quo
1306 1331 1432 1405 quoniam
1451 1334 1516 1391 satis
1534 1343 1624 1393 actum
1641 1345 1700 1405 est,
1723 1336 1759 1393 ad
1866 1368 1869 1375 ·

119 1430 208 1495 bitus.
221 1436 252 1485 et
262 1442 312 1499 per
326 1426 377 1482 ltoc
390 1423 491 1497 proles,
504 1435 564 1493 qum
577 1418 669 1490 utique
680 1430 734 1473 non
748 1422 849 1487 posset,
864 1410 916 1467 ⁰²⁵5
968 1421 1013 1477 illa
1027 1437 1212 1496 properemus,
1225 1442 1286 1500 qum
1299 1444 1379 1501 super
1390 1432 1503 1488 naturali
1514 1432 1586 1489 mulo
1595 1432 1764 1491 llunicltmus'

119 1517 388 1579 aconcumbentibus
399 1514 522 1586 concipi,
540 1526 575 1569 eo
585 1518 690 1568 remoto
704 1506 914 1579 impedimento,
968 1514 1033 1571 olim
1044 1524 1132 1585 acute,
1145 1518 1204 1585 sed,
1217 1526 1247 1575 ιιι
1261 1520 1572 1595 probabo,lpcrpieuitate
1585 1525 1765 1597 questionum

120 1616 201 1673 talem
222 1611 398 1671 concubitum
418 1608 569 1673 redditum,
590 1604 677 1676 qualis
698 1609 741 1658 est
756 1600 783 1657 in
803 1611 918 1670 corpote
969 1605 1098 1678 deceptus
1111 1608 1221 1681 objecit.
1236 1610 1358 1671 Breviter
1378 1622 1466 1672 ιιιιιιιι
1480 1616 1571 1688 prius,
1594 1616 1659 1689 quid
1674 1620 1766 1689 liugu-

120 1709 217 1766 mortis
229 1706 329 1778 hujus,
343 1704 371 1761 id
382 1710 439 1771 est,
458 1716 521 1759 com
532 1695 662 1757 iibiditml
676 1696 705 1751 ln
728 1694 808 1750 talem
818 1691 918 1765 quippe
969 1698 1055 1756 stinm
1067 1707 1162 1757 contra
1175 1701 1296 1773 Apostoli
1312 1704 1493 1768 testimonium
1506 1708 1637 1777 retulerit,
1653 1710 1765 1769 ventilo·

119 1814 220 1861 statum
233 1808 395 1859 revocantur
415 1810 548 1869 corpora,
570 1808 632 1850 cum
654 1799 794 1859 sanantur,
810 1786 917 1861 qualem
970 1798 1039 1845 mus.
1062 1790 1119 1863 Ego
1137 1806 1201 1865 ergo
1219 1808 1280 1850 cum
1294 1804 1384 1853 notam
1406 1798 1484 1855 istam
1498 1815 1607 1872 operam
1621 1817 1767 1861 sexuuma

117 1898 176 1969 pm
189 1897 285 1953 sortita
298 1903 342 1953 cst
354 1902 414 1965 post
424 1899 565 1965 peceatum
575 1896 671 1945 natura
683 1884 846 1952 mortalium,
857 1896 918 1954 qum
970 1881 1026 1937 beo
1038 1890 1147 1940 anctore
1160 1898 1303 1958 corporum
1322 1888 1488 1959 institutam,
1502 1894 1583 1949 ctiunt
1601 1892 1671 1951 beati
1685 1895 1765 1955 Pauli

119 1991 182 2046 iilos
193 1986 335 2060 compellit
343 1986 372 2043 in
383 1993 511 2042 mortem.
526 1980 582 2039 Sed
594 1980 622 2036 in
634 1992 750 2049 corpore
761 1976 822 2032 cite
835 1974 916 2043 illius,
970 1974 1123 2033 testimonio
1134 1980 1303 2050 apertissime
1314 1982 1442 2041 dixissem
1457 1986 1574 2057 probari,
1586 1988 1630 2059 qui
1641 1988 1764 2046 imuctus

120 2086 170 2143 ubi
182 2085 282 2150 borno,
297 2082 351 2139 nisi
363 2086 516 2152 peccasset,
532 2090 588 2134 non
600 2081 660 2131 erat
671 2072 816 2128 moriturus
826 2068 918 2137 „alins
970 2069 997 2125 in
1010 2068 1107 2141 flagitio
1122 2086 1226 2145 eorum,
1239 2089 1306 2147 quos
1318 2076 1346 2133 in
1355 2077 1438 2135 virilis
1449 2095 1555 2153 quoque
1569 2096 1650 2138 sexus
1664 2097 1765 2138 coum·

120 2178 217 2251 procul
226 2176 309 2234 dnbio
320 2182 407 2232 status
419 2172 469 2230 luit
481 2190 489 2228 ι
502 2169 574 2227 unde
584 2178 631 2225 aut
642 2167 715 2224 nulla
727 2165 774 2235 ibi,
784 2172 831 2220 aut
845 2162 916 2229 talis,
969 2158 1055 2218 bitum
1070 2164 1248 2237 praecipitarat
1268 2168 1387 2239 insanio,
1404 2171 1457 2240 uit,
1477 2172 1574 2228 ilelicto
1588 2175 1701 2231 trctturoli
1718 2192 1770 2233 usu

119 2271 212 2344 qualis
225 2284 297 2327 nunc
309 2278 362 2337 est,
376 2264 460 2323 libido
472 2278 527 2321 nou
541 2260 602 2328 luit,
617 2276 669 2333 qua
681 2274 745 2316 earo
758 2264 851 2314 contra
864 2254 919 2326 spi·
971 2256 1087 2326 [uru'mc‚
1112 2260 1210 2315 cerensi
1226 2272 1287 2339 suut
1306 2263 1332 2317 in
1354 2262 1479 2319 desiderio
1499 2284 1546 2323 ιιι
1561 2266 1648 2340 (doctr.
1661 2286 1688 2340 r,
1703 2268 1771 2341 27);

120 2365 205 2419 ιίιιιιιι
219 2360 436 2431 concupiscerem
460 2362 490 2411 ut
504 2354 531 2411 ei
548 2366 658 2409 necesse
678 2358 753 2407 esset
766 2360 812 2405 unt
825 2345 919 2418 subju·
970 2346 1048 2403 intuli
1061 2350 1192 2421 Apostolo
1207 2360 1293 2423 teste,
1309 2356 1452 2427 approbari
1476 2373 1553 2415 nsmn
1566 2360 1674 2418 lentium
1689 2370 1770 2417 notu-

119 2458 196 2531 gari,
214 2466 261 2513 aut
272 2452 414 2518 reluctari3
427 2462 541 2523 quorum
555 2446 668 2503 alteram
684 2440 834 2510 bometti,
850 2440 919 2496 olto·
970 2440 1065 2499 naliter
1077 2442 1237 2501 institutum.
1249 2445 1290 2503 lld
1301 2447 1425 2523 hocergo
1437 2450 1487 2508 iste
1500 2452 1670 2511 rescribens:
1686 2472 1697 2508 ι
1709 2453 1772 2511 Νοιι

120 2568 180 2609 rom
205 2550 265 2623 paci
285 2545 460 2607 beatitudinis
480 2543 553 2601 illius
573 2537 718 2599 contenire
741 2550 794 2593 non
818 2541 918 2607 posset.
971 2531 1081 2603 dixit,s
1102 2534 1201 2607 inquit,
1223 2539 1394 2611 «Apostolus
1415 2544 1584 2617 eortjugulcm
1606 2561 1698 2615 usum,
1721 2544 1772 2603 scd

119 2645 179 2704 lloli
194 2659 262 2717 ergo
272 2642 340 2700 duas
352 2641 418 2697 ictas
431 2638 502 2695 vitas
518 2634 644 2691 laceretica
662 2630 837 2702 pememiute
851 2642 918 2683 con·
971 2628 1136 2698 naturalem,
1159 2645 1220 2687 enm
1238 2632 1333 2691 volens
1352 2634 1464 2710 intelligi
1485 2638 1530 2709 uui
1554 2638 1584 2693 lit
1595 2640 1724 2697 membris
1736 2639 1773 2696 ml

119 2738 255 2796 tundere:
268 2732 385 2793 aliterin
396 2744 512 2803 corpore
520 2724 698 2799 corruptibili,
711 2722 784 2797 quod
793 2728 920 2795 amoenat
972 2718 1024 2776 boc
1038 2721 1151 2791 creatis,
1175 2731 1205 2780 ut
1226 2739 1275 2796 per
1291 2740 1323 2783 ea
1341 2729 1426 2799 possit
1444 2728 1479 2786 ad
1489 2731 1674 2803 generandum
1689 2746 1771 2791 sexus

119 2833 243 2889 animam
255 2826 335 2904 (sip.
350 2842 390 2895 tr,
403 2824 460 2897 lb),
481 2822 582 2879 vivitur
593 2821 618 2887 *ς
638 2819 718 2876 aliter
737 2816 765 2874 in
784 2813 918 2888 paradiso,
972 2822 1085 2887 uterque
1104 2816 1230 2875 misceri:
1247 2834 1280 2876 ac
1297 2834 1346 2893 per
1360 2822 1429 2891 boc,
1445 2838 1507 2881 cum
1522 2824 1624 2882 eisdem
1643 2825 1774 2883 membris

120 2923 143 2979 si
163 2920 360 2995 permansisset
379 2914 497 2973 bominis
518 2910 669 2978 rectitudo,
689 2910 717 2966 in
739 2923 792 2981 uua
814 2916 920 2965 ereatm
972 2911 1053 2968 utinm
1066 2912 1202 2969 meretrici
1216 2914 1330 2987 quisque
1342 2916 1480 2987 miscetur,
1497 2918 1626 2975 naturalis
1638 2928 1681 2975 cst
1694 2932 1772 2990 usus,

119 3018 228 3087 iterat,
240 3016 384 3071 viveretur.
407 3012 486 3069 Esset
504 3015 612 3082 ergoet
627 3006 664 3063 ibi
682 3013 792 3077 propter
809 3018 921 3077 genera·
972 3015 1025 3059 nec
1039 3011 1127 3061 umen
1140 3004 1296 3075 laudabilis,
1318 3006 1366 3064 sed
1385 3008 1535 3081 culpabilis.
1556 3008 1615 3067 lion
1633 3025 1699 3081 ergo
1718 3010 1773 3066 isto

120 3111 228 3169 donem
240 3106 398 3166 concubitus
410 3104 571 3176 coniugum
587 3100 636 3159 sed
649 3112 696 3158 aut
706 3100 834 3158 membris
845 3099 921 3172 geni·
972 3096 1098 3165 nomine,
1114 3096 1213 3168 idest,
1236 3116 1284 3156 um
1296 3102 1424 3171 iecturali,
1448 3104 1595 3176 conjugalis
1609 3112 1651 3160 est
1665 3103 1773 3161 laudata

120 3204 224 3262 talibus
244 3202 304 3258 sine
325 3199 381 3257 ulla
403 3197 514 3255 libidine
538 3193 718 3254 servientibus
744 3193 845 3259 menti,
873 3200 920 3249 ant
972 3190 1145 3257 commistio:
1168 3192 1216 3249 sed
1236 3191 1413 3252 immundiora
1435 3204 1463 3253 ιι
1484 3196 1655 3254 sceleratiora
1671 3196 1772 3270 flagitia

119 3299 228 3371 ipsius,
246 3297 271 3354 si
283 3295 337 3352 ulla
351 3301 438 3361 esset,
462 3290 581 3349 libidinis
594 3289 711 3348 motibus
724 3301 860 3360 nimquam
875 3301 920 3344 re·
973 3283 1098 3342 denotata
1119 3293 1196 3355 suttt,
1215 3301 1295 3359 quam
1314 3288 1337 3344 si
1360 3288 1452 3346 illicite
1466 3289 1590 3358 leminis,
1613 3289 1660 3348 sod
1681 3301 1774 3350 tamctt

119 3389 302 3465 pngrmntibua
321 3386 453 3445 volontati
465 3402 472 3441 ι
486 3397 546 3455 une
564 3383 588 3440 si
606 3383 666 3439 tulis
686 3387 773 3450 esset,
795 3377 919 3451 pudenda
973 3376 1131 3436 naturaiiter
1150 3387 1289 3438 uterentur
1306 3400 1316 3434 ι
1334 3379 1384 3456 (οι
1398 3381 1502 3454 Nuptiis
1515 3394 1540 3441 et
1558 3384 1708 3458 Concupisc.
1724 3386 1773 3442 lib.

119 3501 174 3542 non
187 3491 278 3548 essem
298 3495 349 3537 nec
360 3479 483 3552 corporis
495 3475 633 3543 membra,
648 3489 708 3547 qne
722 3487 774 3530 suo
785 3473 830 3530 vei
843 3472 920 3530 solli·
973 3469 1002 3538 2,
1017 3486 1044 3525 ιι.
1061 3470 1117 3543 55).
1129 3471 1157 3528 ld
1170 3481 1224 3540 est,
1239 3471 1284 3530 bic
1295 3490 1361 3532 usos
1372 3474 1479 3534 lemine
1492 3490 1573 3550 quem
1591 3479 1774 3549 pronuntiavit

118 3579 219 3633 citaret
231 3575 342 3646 impetu,
356 3571 399 3628 tel
411 3575 546 3638 moveret,
561 3565 685 3639 pudenda
706 3565 816 3638 proprie
829 3562 920 3620 vocari
974 3563 1118 3634 Apostolus
1136 3565 1302 3638 naturalem,
1318 3583 1372 3625 non
1392 3568 1548 3642 intelligitur
1562 3571 1724 3644 coniugatis,
1742 3581 1774 3630 ιιι

120 3669 239 3736 laceret,
253 3665 391 3737 rubrique
404 3661 593 3733 compellerct;
614 3657 685 3730 quod
699 3667 759 3730 post
781 3667 920 3728 peccatum
974 3655 1061 3713 boum
1073 3657 1215 3732 licitusque
1225 3660 1354 3719 doccatur
1367 3680 1374 3717 ι
1389 3663 1516 3732 sedideo,
1526 3665 1621 3736 inquit,
1636 3665 1773 3724 dictusest

119 3765 225 3822 laetum
237 3775 309 3829 esse,
321 3773 373 3817 nec
383 3758 435 3814 nisi
448 3754 551 3828 peccati
563 3767 642 3825 poena
656 3751 715 3808 lieri
727 3749 855 3823 potuisse,
870 3749 919 3804 llei
974 3749 1190 3822 naturalis,poia
1200 3751 1381 3810 diversitatem
1390 3769 1470 3812 setus
1484 3755 1519 3811 ad
1529 3757 1772 3814 iiocindicatiusti-

120 3855 204 3914 rerba
216 3861 357 3910 tesaotm.
369 3850 443 3918 Ωιι,
454 3847 551 3919 inquit,
561 3844 688 3901 numum
699 3842 753 3911 tili,
764 3843 825 3915 quio
834 3841 920 3898 nudus
973 3849 1070 3910 tutam,
1079 3847 1304 3904 utetcommistui
1314 3858 1485 3918 pararetorot
1494 3850 1592 3922 partui.
1602 3851 1683 3922 Qucis
1693 3851 1772 3908 moli-

120 3966 164 4016 ιι,
176 3948 232 4004 uiri
242 3962 275 4003 er
286 3941 434 4020 ipsomet
452 3955 623 4015 preceptum
634 3937 788 3998 tilitoutum
804 3951 836 3991 ιιι
847 3951 879 3990 eo
891 3949 921 3990 eo
973 3935 1091 3992 tionibus
1109 3952 1170 3994 cunt
1181 3937 1323 4010 juvaretur
1337 3940 1420 4012 nillil,
1435 3957 1486 4000 cur
1499 3953 1600 4002 tacitum
1613 3945 1775 4003 inmoratus
1801 3999 1805 4004 .

119 4044 301 4106 mma,
315 4053 386 4095 ereo
397 4033 558 4091 metecus
573 4030 649 4105 (Gor.
663 4046 703 4101 m,
718 4028 786 4103 ll)l
796 4028 866 4097 lion,
880 4028 921 4085 in·
975 4029 1034 4086 est?
1044 4029 1167 4090 Proiecto
1181 4033 1215 4090 ob
1228 4034 1427 4105 itocsolum,ut
1439 4037 1466 4094 ini
1479 4039 1598 4111 quicum
1613 4049 1771 4112 sequuntur,

120 4136 194 4207 quit,
210 4133 261 4190 tibi
280 4131 400 4188 nuntiata
411 4137 485 4186 estet
505 4125 611 4182 nuditas
622 4131 687 4193 tua,
707 4120 759 4179 nisi
770 4131 844 4178 ιιιιι
863 4135 879 4176 a
895 4129 921 4177 te
973 4124 1090 4182 solutum
1104 4129 1279 4200 putentquod
1291 4130 1407 4188 viderint
1421 4131 1772 4192 luissecontactumccoctc·

119 4228 297 4301 ltraewissfl
307 4225 430 4281 lsslmffl·
442 4219 659 4292 Qllidsslfflleffi
669 4214 777 4272 ”illim
788 4213 920 4281 Μῦῑῑθῑιι
974 4235 1129 4294 remquam
1145 4223 1334 4294 nitiitdiuerit,
1351 4225 1440 4284 breuis
1459 4227 1603 4302 disputatio
1620 4229 1707 4299 psalant
1729 4227 1771 4284 ia-

120 4323 165 4380 eni
177 4320 274 4395 procul
285 4318 368 4376 dubio
381 4317 470 4390 ignota
482 4327 536 4370 non
549 4319 617 4378 erat,
631 4309 684 4366 nisi
695 4325 729 4365 eo
740 4317 815 4364 motu
826 4307 922 4366 stimtt-
974 4315 1036 4371 ciet.
1056 4313 1158 4387 Nempe
1178 4317 1323 4388 Apostolus
1343 4319 1448 4376 lenonium
1469 4337 1544 4377 usum
1558 4321 1595 4376 nit
1611 4319 1770 4375 uotumlitcr

44 4460 50 4472 ·
120 4418 208 4484 unte,
226 4424 255 4472 ⁰²
273 4413 400 4471 ῑΰΰῦῑῑίῑθ
416 4417 568 4480 ”ilicium
581 4412 690 4477 *liberet
701 4401 820 4469 adverti,
833 4401 921 4474 pudo·
974 4407 1135 4478 institutum,
1152 4425 1202 4466 uec
1216 4411 1416 4468 cotttmcmlasit
1429 4413 1539 4468 alterum
1552 4411 1771 4468 continuationem

119 4525 237 4582 remque
249 4503 401 4564 incuteret?
412 4501 543 4572 Quoniam
557 4507 668 4570 peccato
681 4494 781 4553 iactum
800 4503 875 4565 erat,
892 4501 923 4551 ut
974 4499 1098 4571 primitus
1112 4501 1278 4567 ordinatum
1294 4503 1341 4558 secl
1356 4502 1390 4559 de
1404 4517 1436 4559 co
1449 4515 1498 4558 usu
1510 4503 1658 4574 disputans,
1676 4501 1771 4576 inquo

119 4601 243 4658 bonninis
259 4615 323 4672 pars
339 4596 452 4653 interior
469 4601 564 4650 contra
583 4589 766 4662 superiorem,
788 4588 841 4647 boc
861 4596 921 4655 est,
974 4590 1113 4650 libidinem
1125 4595 1227 4650 cunctis
1241 4603 1352 4652 nouerat
1367 4595 1482 4668 uiguisse
1497 4595 1674 4668 temporibus,
1690 4585 1775 4654 nutn·'

120 4711 187 4752 earo
205 4704 302 4752 eontra
322 4690 447 4765 spiritum
468 4685 682 4756 concupisceret.
702 4680 757 4738 Sed
778 4689 808 4736 tu
826 4689 921 4736 contra
974 4685 1058 4744 potem
1071 4687 1144 4742 ittam
1157 4689 1272 4745 vocavit,
1325 4731 1329 4740 ,

118 4791 215 4847 onmia
226 4787 330 4845 chudis
347 4784 455 4850 semes,
469 4791 496 4837 et
511 4781 567 4838 Deo
581 4777 769 4836 manifestante
780 4775 853 4848 quod
867 4791 920 4832 non
1010 4781 1079 4838 Auo.
1095 4779 1166 4837 Usus
1180 4779 1287 4838 lemine
1306 4779 1434 4837 traturaiis
1448 4788 1499 4850 cst,
1514 4797 1575 4839 cum
1588 4781 1646 4854 eius
1660 4797 1771 4842 ntascu·

117 4880 337 4941 contunderetur
349 4878 431 4934 bomo
441 4876 477 4932 de
489 4889 539 4931 sna
550 4872 686 4937 nuditate,
701 4871 753 4927 nisi
767 4879 920 4943 peccasset,
974 4870 1017 4928 ios
1031 4871 1079 4928 illo
1091 4873 1213 4931 ntentbro
1223 4872 1314 4942 utitur,
1330 4888 1384 4944 quo
1404 4883 1497 4930 tratura
1521 4873 1643 4947 ejusdcm
1662 4877 1769 4948 gerrccis

117 4979 157 5034 ita
172 4975 260 5033 fuisse
273 4972 373 5031 asseris
391 4969 559 5035 institutum,
573 4975 603 5022 ut
617 4963 722 5022 etiamsi
742 4979 795 5020 non
809 4977 921 5035 peceat·
974 4966 1150 5023 animantium
1166 4975 1343 5038 propagatur:
1359 4977 1468 5039 propter
1488 4968 1560 5041 qttod
1585 4969 1665 5028 etium
1681 4970 1769 5042 ipsum

116 5083 181 5140 set,
203 5069 321 5142 puderet
333 5082 394 5124 com
418 5063 546 5121 nuditatis
563 5077 631 5120 sue.
653 5061 723 5118 Deos
737 5061 809 5116 eninr
831 5057 920 5116 dicit:
974 5055 1125 5114 membrum
1147 5065 1241 5113 notum
1272 5057 1379 5129 proprie
1398 5057 1451 5114 dici
1468 5059 1539 5116 solet
1554 5077 1562 5114 c
1576 5049 1646 5117 orode
1674 5057 1770 5117 Cicero

23 5216 24 5223 ,
115 5167 190 5237 Quis
203 5163 337 5221 nuntiarit
358 5161 406 5217 tibi
432 5157 577 5214 nuditatem
592 5164 681 5221 mam,
706 5153 758 5208 nisi
777 5153 839 5225 quir
857 5167 921 5223 pec-
974 5148 1022 5219 uit,
1036 5149 1327 5208 retolleremuidissese
1340 5151 1481 5209 insomnis
1506 5154 1693 5226 prmsigtmtom
1717 5153 1768 5209 lm·

114 5257 212 5315 castii
225 5255 259 5314 Et
279 5253 390 5312 tudicis
410 5250 458 5324 (ut
480 5249 538 5321 ipsa
558 5245 640 5304 verba
662 5255 707 5302 tua
728 5259 840 5316 ponam,
861 5259 922 5315 quse
974 5242 1039 5300 bere
1052 5254 1172 5302 naturum
1201 5243 1442 5318 (bebtumtimt,
1457 5247 1501 5303 lib.
1514 5244 1554 5319 ἢ).
1583 5247 1652 5305 llsus
1680 5245 1769 5318 itaquo

23 5344 24 5367 ³
113 5350 206 5423 panio
225 5357 289 5405 ante
300 5347 406 5403 locutus
419 5341 480 5417 eol:
498 5359 509 5395 t
522 5341 567 5399 Sic
579 5349 622 5397 est
634 5339 716 5396 bomo
730 5354 779 5411 per
796 5339 924 5397 uniuersa
975 5335 1104 5393 naturalis
1119 5345 1146 5394 et
1159 5335 1307 5408 licitusest,
1322 5337 1391 5394 sicut
1405 5339 1432 5396 in
1446 5337 1569 5410 conjugio
1583 5355 1591 5405 ;
1605 5345 1634 5394 ct
1647 5337 1767 5407 illicitus,

115 5443 270 5508 iorntatns,
286 5450 316 5496 ut
326 5437 424 5495 melius
437 5453 453 5492 a
467 5436 539 5492 nullo
558 5433 621 5508 liogi
633 5441 744 5505 posset:
758 5433 804 5505 qui
817 5432 922 5504 occepit
973 5428 1043 5494 siem
1057 5429 1083 5486 in
1094 5428 1226 5488 adulterio
1241 5445 1249 5484 ι
1265 5438 1358 5488 contra
1373 5438 1493 5487 ttatmunt
1507 5444 1571 5486 voro
1594 5443 1703 5498 sernper
1714 5428 1767 5510 illi·

23 5536 24 5539 ’
113 5534 273 5608 prudenter
286 5533 315 5591 lu
326 5543 441 5604 corpore
451 5537 481 5587 et
497 5529 573 5587 locos
586 5527 690 5586 decoris
703 5536 731 5582 et
742 5525 818 5583 locos
834 5523 921 5596 pudo·
973 5521 1053 5589 citus,
1067 5532 1095 5578 et
1108 5521 1201 5594 procul
1212 5521 1293 5578 dubio
1306 5519 1549 5594 flagitiosiorutque
1566 5520 1677 5594 turpium
1686 5535 1768 5592 quom

113 5631 171 5698 ris,
188 5636 221 5683 ιιι
231 5625 260 5684 in
270 5641 301 5684 se
311 5625 372 5697 ipso
389 5631 418 5681 et
429 5621 618 5679 verecondiam
633 5627 661 5676 et
671 5616 861 5676 confidentiam
879 5615 922 5673 di·
973 5625 1081 5672 sunctus
1096 5616 1239 5688 Apostolus
1252 5625 1280 5674 ιι
1292 5617 1319 5672 in
1332 5615 1436 5672 leminis
1444 5624 1472 5672 et
1486 5615 1513 5672 iu
1533 5614 1659 5679 tntasculis
1670 5629 1769 5687 argue·

111 5728 231 5788 seeret3
244 5725 316 5777 neet
328 5714 457 5776 uternis
470 5713 617 5782 videretur,
635 5711 742 5769 sicssct
760 5723 810 5782 per
822 5715 920 5766 cuncta
972 5708 1028 5776 bot,
1040 5707 1246 5766 damnabiliores
1255 5708 1347 5766 uolens
1369 5706 1491 5778 intelligi,
1519 5720 1599 5778 quum
1623 5705 1648 5764 si
1667 5705 1696 5765 in
1717 5721 1768 5766 usu

137 5889 919 5969 'mmwwomrcstitmmuexussmtuun
1004 5891 1014 5928 ¹
1030 5891 1128 5946 ιιιιιιι.
1139 5891 1255 5956 tnttgn,
1267 5887 1367 5954 luceret

266 5977 592 6064 sumum-K
897 6065 900 6070 ,
945 5965 1046 6058 “q
1084 6063 1087 6068 ,
1329 5971 1607 6057 (Quercus-sic.)
