4009 6375
112 380 174 439 tots

109 496 175 553 enim
189 510 242 551 non
258 496 357 566 potent
370 494 459 567 proies
473 493 596 549 existere.
614 492 675 547 ilii
690 492 740 549 itoc
755 492 893 551 advertant

109 568 208 625 tiilectae
223 576 321 622 restrui.
338 565 478 622 castissimi
493 574 706 633 expugnatores,
721 576 848 633 qnantum
862 564 895 620 ii·

109 641 159 701 bet,
174 636 246 707 quoti
261 645 363 692 tautitm
379 634 488 693 laudare
502 635 618 691 deiectat
631 652 637 689 :
648 646 694 689 etit
707 634 730 689 si
746 650 797 688 nou
812 635 894 699 libet,

108 726 165 763 cinti
185 706 280 763 suadet
301 717 330 761 tit
349 706 445 769 libeat,
459 714 486 761 et
505 714 670 777 expugnatur
684 721 699 759 a
712 704 787 758 voltis
804 706 832 771 ¹,
848 720 895 761 cur

109 782 140 834 bo
151 794 203 835 iiim
219 778 380 849 praedicatis,
395 776 466 847 quoii
480 776 505 829 iit
518 776 592 831 vobis
608 774 747 830 adversum
763 789 822 830 esse
835 790 897 829 seii-

109 851 179 905 titis?
193 864 259 920 rogo
270 891 278 913 ,
291 846 450 905 erubescite.
473 846 556 903 nemu
578 861 692 916 utiquam
706 844 776 915 qtiud
791 846 840 901 sibi
856 854 897 903 cst

109 921 252 985 inimicum,
263 917 362 975 iiuuuiii
376 917 466 973 dicere
479 916 628 973 delectatur
637 925 664 971 ct
676 914 782 971 landum
796 930 897 985 pruco-

108 993 155 1047 tiiis
166 990 311 1047 adornare.
327 988 458 1045 Ftiliitttitli
472 1002 581 1058 prorsus
594 997 621 1041 et
634 986 734 1049 iallitis,
751 986 804 1041 imo
815 985 895 1053 dece·

108 1062 140 1131 pti
153 1062 219 1119 ostis
232 1071 259 1118 et
267 1059 400 1131 decipitis.
412 1056 469 1113 tlon
484 1067 525 1115 est
536 1058 585 1114 iste
598 1056 672 1113 calor
684 1056 778 1119 bouus,
789 1073 838 1112 uec
849 1072 896 1127 ge·

108 1132 194 1189 uitalis
218 1132 245 1188 iii
269 1132 347 1187 lionis
371 1128 529 1201 genitalibus
553 1128 760 1197 membrisque
774 1125 896 1182 iormavit

109 1204 186 1268 betis,
199 1202 247 1259 scd
263 1202 359 1265 maltis,
371 1208 399 1255 ut
411 1199 591 1271 sepedictum
600 1206 654 1262 est,
667 1206 776 1255 anctore
789 1197 896 1253 diabolo

108 1270 274 1344 precedente
290 1280 408 1341 peccato.
434 1270 589 1325 istoralore
609 1269 631 1325 si
648 1269 722 1341 rigor
737 1269 833 1323 mentis
849 1284 896 1324 vc·

108 1355 167 1399 stre
185 1344 221 1399 sil
241 1343 334 1399 illicita
353 1357 406 1397 nuit
426 1340 628 1407 dissolveretur,
650 1356 703 1395 ttoit
720 1354 736 1393 a
751 1338 827 1393 robis
842 1346 896 1395 latit

108 1416 177 1470 licite
199 1414 369 1479 laudaretur,
388 1411 454 1483 quin
473 1411 560 1485 potitis
574 1410 642 1466 sicut
655 1424 670 1466 a
685 1408 830 1465 Catboiicis
847 1408 896 1467 da-

107 1496 253 1543 munietur.

141 1557 186 1611 ll.
200 1554 253 1612 snt
269 1554 363 1611 iterum
378 1550 561 1624 respondetis,
577 1558 606 1607 tit
620 1549 742 1621 superius
754 1550 823 1615 iiiii,
836 1557 897 1605 tan-

108 1642 185 1698 qtiaut
200 1627 324 1699 clypeum
340 1633 428 1680 restro
442 1623 558 1693 dogmati
574 1630 757 1693 opponentes,
774 1637 808 1677 iic
823 1621 898 1677 vobis

109 1698 212 1753 taieaitt
227 1696 363 1766 simplices
375 1709 442 1766 qnos
455 1692 577 1777 decipitis
591 1694 732 1759 resistcre,
747 1702 773 1747 ct
789 1690 895 1749 dicitis:

53 1782 60 1801 ·
109 1766 240 1839 tb'tiptlie
263 1764 481 1830 damnabuntur,
500 1778 521 1818 ει
548 1762 629 1820 libide
653 1763 813 1825 damnetur,
835 1764 896 1833 quia

108 1840 210 1921 absque
225 1836 270 1893 illa
284 1836 391 1893 soboles
405 1849 458 1890 nott
473 1834 597 1905 gignitur.
614 1852 623 1887 i
636 1832 704 1901 Quid
719 1834 897 1905 praestigiosis-

109 1910 183 1964 siints
205 1907 398 1963 assertionibus
413 1904 510 1960 vestris
529 1904 599 1961 diem
622 1904 649 1958 lit
669 1914 773 1959 nectent
795 1914 898 1959 mutare

108 1980 241 2035 nitimitti‘.l
258 1976 321 2048 quid
344 1974 448 2031 tiebttlis
466 1990 561 2031 serena
582 1974 754 2029 convolvitis?
769 1974 833 2045 quid
856 1974 895 2029 iii·

108 2051 244 2105 trientibus
257 2049 354 2113 lucetii,
369 2046 498 2102 [cruentes
511 2046 537 2103 iit
548 2044 636 2100 calore
648 2045 728 2117 turpi,
738 2060 816 2115 quent
830 2044 898 2113 upti-

110 2137 181 2175 mitm
198 2118 360 2190 praemiis,
373 2126 403 2171 ut
414 2116 503 2173 cordis
518 2132 609 2171 cortun
623 2115 714 2170 ecttlos
727 2114 897 2187 pertiirltetis,

109 2191 173 2247 lurni
199 2188 405 2245 antaritudiuem
429 2186 572 2243 cruciatis?
592 2184 693 2257 Nuptiae
716 2194 824 2241 auctore
845 2186 898 2240 lieo

109 2261 185 2315 mide
197 2269 259 2315 snut
272 2262 359 2325 lionae,
374 2273 423 2314 tice
436 2257 596 2315 datiinsntur
611 2272 718 2327 prorsus
729 2297 736 2321 ,
746 2270 808 2311 eutii
821 2257 898 2311 rolu-

109 2344 204 2402 ptuosa
216 2330 298 2387 libido
310 2328 461 2385 datititatnr,
474 2326 577 2397 Nuptiae
593 2327 705 2383 liiiurutit
720 2326 899 2397 procreando·

112 2419 169 2457 runt
182 2417 262 2457 caiisa
273 2410 335 2457 suiit
349 2400 484 2463 institute,
499 2398 567 2455 sicut
579 2398 630 2454 scri
652 2407 706 2452 tum
717 2406 768 2462 est,
780 2396 898 2465 Crescite,

108 2485 131 2527 et
146 2471 364 2541 iiiiiitipliciimini,
379 2479 402 2525 et
415 2470 509 2540 replete
522 2478 613 2523 terrum
625 2413 704 2593 §Gen
718 2482 737 2530 ι,
751 2466 796 2540 28)
812 2482 899 2539 :qua-

111 2561 168 2599 rum
184 2542 271 2599 licitus
283 2558 346 2597 ustis
358 2557 410 2597 uuit
425 2541 450 2595 in
464 2540 568 2596 luxuria
579 2539 623 2594 libi
644 2537 694 2595 inis
704 2538 837 2594 institutus
847 2546 898 2605 est,

111 2614 156 2670 sed
172 2614 232 2669 sinc
245 2614 290 2669 illu
305 2611 438 2681 imperio’
455 2610 648 2667 bonestissinim
662 2610 822 2675 voluntatis,
840 2618 898 2665 taa-

12 2709 13 2741 t
111 2694 179 2749 tuiti,
195 2694 223 2739 tit
237 2684 302 2752 diiii,
317 2698 395 2739 causa
410 2690 541 2737 natorum.
563 2678 629 2747 Quia
644 2678 708 2735 ilde
723 2688 750 2735 ct
766 2680 826 2737 uve
839 2688 900 2735 ante

12 2752 16 2774 '¹
112 2764 262 2823 peccatum,
275 2770 336 2810 cum
351 2751 438 2809 ailltuc
451 2752 553 2807 scilicet
564 2750 591 2806 iii
606 2752 644 2807 eis
657 2748 766 2805 morbus
780 2752 832 2806 istc
847 2764 900 2805 uon

12 2826 13 2861 ³
109 2834 193 2891 osset,
207 2826 275 2880 dixit
288 2826 367 2889 lieris,
381 2820 499 2885 Crescite,
511 2832 535 2877 ει
549 2820 761 2893 inultipiieutiiiiii,
775 2831 799 2875 ει
809 2820 901 2890 replete

11 2949 16 2958 ,
111 2904 216 2951 ιατωι.
230 2896 294 2951 ιἐει
337 2902 441 2949 oeatttiu
455 2908 528 2959 vero,
543 2892 635 2961 etjam
647 2891 900 2961 stiperittstlisptita·

110 2976 168 3021 uim
181 2976 235 3031 est,
250 2967 301 3021 sibi
314 2980 330 3021 o
345 2964 469 3020 venenosi
482 2963 622 3033 serpentis,
632 2960 706 3032 cnjus
719 2963 821 3017 callidis
832 2962 841 2993 ¹
854 2962 901 3018 dc-

110 3038 182 3106 cepti
192 3046 255 3094 suut
263 3036 460 3101 blandimentis,
471 3034 538 3088 lianc
549 3034 691 3103 inquietam
702 3042 727 3088 et
738 3030 900 3088 mortiferam

113 3118 214 3177 pestem
237 3122 331 3163 eorum
353 3120 462 3174 corpora
484 3112 679 3173 concepciunt;
695 3112 722 3159 et
739 3118 786 3172 por
800 3102 901 3159 licitum

112 3195 206 3244 usitat,
224 3189 395 3260 posteaquam
408 3174 441 3232 tle
454 3174 576 3246 pitradiso
590 3174 700 3246 proiecti
716 3180 793 3240 suiii,
811 3174 836 3229 itt
852 3191 899 3245 po·

112 3261 199 3305 steros
221 3256 438 3313 transmiserunt,
454 3257 578 3314 tanquam
599 3247 698 3316 pcccati
722 3245 762 3300 sui
782 3245 902 3300 testiino-

112 3322 185 3376 uiuiu
197 3317 436 3387 bereditariojure
445 3315 608 3371 dimittentes
619 3317 644 3370 in
658 3313 735 3370 nubis
747 3333 752 3368 :
766 3324 794 3369 ut
806 3330 836 3370 ει
850 3314 902 3371 bue

113 3393 347 3462 prevaricatorem
369 3403 417 3444 iios
437 3402 497 3444 esse
523 3386 592 3441 lilius
615 3393 825 3456 cognoscentes,
846 3401 900 3440 nort

110 3461 259 3532 gloriemur
276 3461 311 3516 dc
331 3457 425 3526 uubis,
441 3457 466 3512 iil
480 3465 521 3513 est
535 3457 569 3512 de
581 3465 675 3512 natura
691 3464 782 3512 nostra
805 3469 902 3526 pecca-

11 3540 14 3549 “
113 3533 189 3596 ιιιεε,
203 3533 232 3588 ιιι
244 3540 389 3602 conspectu
400 3527 464 3600 justi
472 3527 571 3610 iudicis
587 3527 631 3584 liei
644 3543 651 3592 ;
663 3525 709 3582 sed
724 3526 782 3595 ejus
796 3527 900 3582 miseri·

110 3603 222 3669 cerdice,
235 3615 296 3672 qiite
310 3617 361 3655 non
375 3601 402 3656 iti
415 3609 515 3654 meritis
528 3605 643 3663 constat,
655 3611 761 3668 semper
777 3598 843 3654 eolla
855 3595 902 3652 ile·

111 3681 231 3737 eeimtis;
245 3686 300 3742 quo
312 3670 337 3726 di
358 3680 435 3726 netur
448 3667 456 3701 ¹
471 3669 498 3726 itt
513 3668 664 3742 paradisum
679 3683 816 3738 revocare,
832 3668 902 3724 unde

112 3745 209 3800 nerito
223 3743 331 3798 exsules
354 3741 415 3798 ecit.

146 3813 191 3869 ts.
202 3814 238 3870 lit
252 3813 279 3867 iit
290 3811 439 3882 conjugatis
448 3809 526 3882 igitur
536 3819 563 3866 et
575 3809 603 3866 itt
613 3809 686 3866 cmiii
701 3807 808 3866 boitiine
820 3809 902 3866 liiiido

112 3885 179 3940 malci
193 3893 237 3940 est
254 3901 261 3937 :
276 3897 465 3952 nonnunquam
479 3882 551 3937 enim
564 3881 597 3936 ad
612 3880 704 3936 illicita
720 3880 817 3946 traliit,
839 3881 901 3950 quin

112 3953 242 4010 uoluntati
258 3953 408 4025 peccatrici,
421 3967 473 4026 qua
488 3952 585 4008 lactum
598 3961 641 4007 est
654 3959 682 4006 ut
693 3958 766 4007 esset
778 3950 804 4006 iii
816 3965 901 4005 inom-

113 4025 175 4095 bit's,
187 4025 327 4083 contraria
340 4031 381 4079 est
395 4025 421 4078 iri
437 4033 554 4088 tautum,
572 4030 601 4077 ut
614 4023 730 4091 ipsorum
744 4021 901 4092 cunjtigato-

10 4090 15 4153 i
113 4111 167 4150 ritui
180 4097 216 4152 ad
230 4093 332 4151 licitum
348 4111 424 4150 nsunt
439 4094 534 4150 ardore
546 4094 586 4150 sni
599 4094 638 4148 sic
647 4091 803 4147 attitulantes
814 4093 903 4162 piratici·

11 4156 15 4213 ἱ
114 4167 175 4236 pitet
194 4175 319 4233 mentes,
334 4179 388 4292 qqo
401 4163 494 4221 entiam
507 4163 612 4220 licctttia
628 4163 637 4194 ¹
651 4163 704 4220 acti
721 4161 901 4244 potiusquam

110 4247 221 4306 egentes
237 4246 328 4306 agant.
359 4236 389 4291 'it
402 4236 474 4292 eiiiin
490 4236 609 4289 voluntas
630 4245 816 4298 incoitttucns,
838 4234 901 4290 dunt

114 4307 195 4364 illecta
208 4308 220 4340 ⁸
234 4308 350 4362 vincitur
363 4306 511 4375 toltiptatc;
527 4303 574 4361 scd
588 4305 698 4360 tetiialis
710 4313 753 4359 cst
768 4305 792 4358 iii
808 4303 901 4373 conju-

11 4370 14 4395 *
110 4380 186 4448 gatis,
201 4379 275 4434 malo
289 4377 360 4434 bene
372 4376 515 4431 utentibus.
525 4375 601 4444 Qiied
614 4375 731 4431 ostendit
745 4376 899 4458 Apostolus,

111 4463 168 4504 miss
176 4463 267 4504 causa
278 4447 449 4504 continentie
461 4447 589 4502 orttienis
600 4455 705 4516 tenipus
723 4445 815 4500 indicit
835 4459 901 4502 coit·

112 4517 222 4586 jugatis,
236 4528 266 4574 et
278 4517 311 4574 ad
322 4519 408 4588 ipsunt
422 4519 516 4572 itcrimi
532 4517 720 4572 revertendum
736 4526 845 4585 propter
857 4517 901 4571 is-

111 4589 303 4645 coatinentiam
327 4588 480 4642 tentationis
506 4596 606 4642 saluum
629 4587 766 4656 pramipit,
788 4584 898 4642 dicens:

114 4657 196 4716 Nolite
217 4661 340 4732 [seuere
358 4659 478 4720 iniicere,
495 4657 543 4712 nisi
554 4673 588 4712 es
601 4673 724 4712 consensit
736 4656 771 4710 od
786 4667 900 4724 teiitptts,

112 4733 239 4786 uteucetis
249 4730 359 4784 orationi
371 4744 379 4783 :
390 4737 414 4783 et
426 4729 517 4782 iteruin
528 4728 679 4784 revertimini
693 4727 719 4780 iu
734 4726 855 4796 idipsuiit,
870 4744 904 4782 iio

8 4799 9 4858 ἒ
111 4809 183 4857 ιειιει
196 4809 358 4856 sosimenes
379 4809 481 4871 propter
493 4798 697 4854 iitroutinrntisiii
712 4808 829 4852 uestrum.
846 4796 902 4852 lieo

8 4868 15 4919 l
112 4885 191 4926 autent
204 4871 264 4926 dico
277 4871 414 4926 extinctum
428 4870 500 4924 inditi
519 4870 622 4934 cittium,
636 4884 686 4922 ituit
700 4872 838 4923 emundent
851 4870 901 4922 iiii·

113 4945 205 5008 periurii
219 4941 248 5014 (l
262 4940 320 5004 Cor.
337 4957 386 5006 rit,
401 4941 428 5003 5,
443 4939 482 5013 dl.
498 4887 660 4995 damnabilis
673 4946 714 4993 est
728 4955 793 4994 vero
810 4940 836 4993 in
851 4939 900 4993 utl-

111 5013 201 5068 ulteris
219 5022 248 5068 ct
271 5010 484 5076 lornieatoribus,
501 5009 572 5066 inalo
587 5010 656 5065 maie
672 5009 818 5066 utentibus.
840 5008 900 5064 inm

110 5083 338 5154 ergocitgnoscite
349 5090 435 5137 titrtim
446 5083 589 5145 Apostolus
600 5080 633 5135 dc
643 5080 714 5134 inalo
727 5083 830 5135 neniam
845 5093 901 5150 pre

112 5155 209 5208 ttiiserit
227 5154 396 5223 conjugatis,
410 5167 443 5206 an
462 5151 495 5206 de
516 5151 585 5208 lione
598 5169 605 5206 ε
617 5149 650 5206 de
664 5151 734 5205 malo
748 5151 781 5204 ad
795 5159 901 5220 tenipus

112 5226 220 5280 urationi
233 5223 382 5280 vacandum
396 5223 530 5278 :ilistintire
543 5221 712 5306 praecept-rit,
722 5237 755 5276 ait
766 5220 800 5276 de
811 5219 902 5276 bottul

112 5291 208 5350 Erratis
222 5309 342 5366 prorsus,
353 5295 413 5366 quin
429 5295 497 5348 betis
506 5309 549 5363 qiu
559 5293 638 5364 jussit
651 5293 706 5347 ileri
722 5293 829 5357 bouem,
841 5307 901 5347 nus·

140 5455 148 5486 ¹
165 5455 199 5504 sic
208 5462 263 5504 ttss,
272 5460 299 5502 tt
308 5451 377 5514 miili,
389 5455 429 5502 iiiii
440 5451 462 5503 si
472 5465 518 5502 noti
531 5449 597 5514 libet,
608 5463 652 5502 cin·
663 5449 769 5504 suadetis
781 5455 806 5502 tii
817 5449 898 5514 ticet,

107 5518 130 5563 et
145 5517 240 5568 enudus
250 5519 420 5579 expugnatura
431 5511 516 5566 tedis?

139 5579 149 5607 ¹
165 5577 227 5640 apud
240 5583 294 5626 tor.
307 5574 350 5626 scd
361 5579 386 5626 iu
395 5574 512 5648 imperio:
524 5577 621 5635 omisso,
633 5571 684 5626 stite
694 5571 746 5626 ilio.

139 5638 150 5670 ¹
165 5643 188 5688 tii
198 5645 262 5693 tiss..
277 5638 347 5700 ceptis
358 5633 451 5688 collidi.

138 5699 150 5730 ⁸
165 5699 353 5763 widdletune
368 5711 428 5759 iios,·
448 5706 474 5751 ει
484 5699 560 5759 iulia,
579 5699 644 5751 unde
661 5696 716 5752 illos
726 5695 821 5750 mrim.
841 5701 896 5747 tiss

12 5758 474 5833 1ιιιιιιιιμιεε,ιιιει,1ιειιειιι.

137 5823 148 5856 ι
164 5831 250 5873 omues
260 5831 325 5884 itte,
336 5824 446 5872 eundem
457 5821 587 5873 immilem.

137 5883 149 5915 ⁸
166 5895 211 5934 titt.
223 5889 262 5934 dr.
273 5883 421 5936 &nonnulli
429 5881 599 5944 liss.,t'iiicitii.

616 368 895 430 itt'i‘ttcdtis‘itctin
915 372 1014 429 tissttt
1033 377 1206 445 QUARTUS.

949 509 1028 617 quant
1039 496 1135 551 alieno
1146 495 1292 566 probibuit,
1304 495 1350 551 sed
1363 499 1468 563 attinio,
1481 497 1571 555 dicein
1581 514 1630 569 ρει
1639 499 1735 566 iiiiii,

976 566 1056 620 eritne
1069 584 1085 621 o
1098 569 1176 630 tituto,
1190 577 1213 621 et
1225 570 1267 639 [iic
1281 567 1373 621 bouum
1388 566 1472 630 (Paul.
1484 585 1575 630 xxxiii,
1589 569 1646 643 27).

987 637 1030 691 id.
1044 636 1228 693 incunctanter
1239 638 1348 691 eittititto
1359 638 1464 701 dicitnr,
1473 639 1540 696 licite
1553 642 1589 695 nti
1604 641 1654 695 ltoc
1666 644 1737 698 niaio

951 708 1047 761 suniarii
1072 708 1243 779 conjugatos,
1267 707 1380 763 liliorum
1402 708 1592 779 gignendorum
1616 712 1737 767 uidelicet

948 792 1048 843 causa,
1062 778 1108 848 qni
1130 787 1275 841 nascuntur
1288 779 1344 834 lieo
1356 781 1467 848 opitice,
1480 795 1532 834 nort
1546 780 1579 835 de
1591 782 1736 839 accidentis

950 846 1068 903 libidinis
1079 849 1159 915 niaio,
1170 849 1218 905 scd
1232 849 1265 905 de
1279 849 1349 904 bono
1359 849 1472 905 liccittim
1485 852 1644 920 nuptiarum.
1655 852 1738 909 liuiu-

949 916 1014 987 qtiid
1024 918 1094 973 etiiiti
1106 935 1165 974 cittii
1177 920 1238 975 ritis
1247 918 1364 990 undique
1375 920 1517 976 deserente
1531 922 1645 991 agricola
1659 924 1737 979 lticrit

950 988 1070 1043 sentibus
1088 998 1231 1060 occupatu,
1242 1000 1269 1047 et
1289 999 1408 1061 tempore
1427 1006 1476 1045 suo
1492 990 1584 1058 jacetis
1602 992 1630 1047 iit
1650 992 1737 1048 dumis

951 1058 1105 1127 produxerit
1118 1061 1208 1117 botros
1220 1062 1240 1127 ¹,
1254 1060 1288 1117 de
1302 1062 1443 1117 ceittrtttiis
1458 1060 1510 1116 sibi
1524 1060 1626 1131 spinis,
1640 1064 1737 1133 quibus

950 1129 1090 1251 rreiuitur,
1104 1147 1182 1185 urain
1199 1131 1339 1200 prodisti?
1353 1132 1439 1188 Absit.
1453 1130 1506 1187 Sed
1519 1131 1553 1187 de
1567 1142 1667 1187 nattum
1681 1149 1737 1189 stiae

960 1214 1036 1263 ione,
1052 1200 1260 1269 licetspiuarunt
1276 1202 1376 1258 aculeis
1390 1211 1533 1271 corrupto,
1548 1203 1632 1258 bonos
1651 1205 1739 1259 attitiit

951 1269 1062 1327 irttcttis.
1074 1270 1202 1331 Similiter
1215 1280 1241 1327 et
1256 1271 1383 1339 triticum,
1395 1275 1416 1327 si
1430 1282 1520 1327 natum
1531 1274 1739 1345 circumquaque

950 1340 1058 1395 zizaniis
1071 1342 1214 1411 operiatur,
1225 1343 1251 1398 lii
1265 1354 1392 1413 quantum
1406 1342 1506 1413 spicam
1521 1344 1693 1413 produxerit,
1704 1344 1738 1401 de

950 1420 1051 1467 uaturae
1073 1426 1129 1467 stiae
1147 1412 1228 1479 lieno,
1243 1428 1295 1469 tion
1313 1413 1347 1468 de
1368 1414 1529 1469 zizttniornm
1552 1414 1622 1469 malo
1643 1416 1739 1486 qnibns

949 1481 1213 1553 imposturatorem
1227 1484 1316 1539 intulit
1329 1499 1437 1554 germen
1451 1503 1457 1538 :
1473 1486 1512 1541 sie
1528 1484 1573 1539 iiiii
1588 1484 1622 1540 de
1635 1494 1749 1540 natura·

950 1551 1022 1607 bone
1031 1550 1094 1609 boui
1106 1561 1167 1609 sunt
1177 1554 1286 1618 iriictus,
1298 1570 1351 1609 nuit
1360 1554 1394 1611 dc
1407 1556 1477 1610 malti
1491 1555 1607 1610 libidinis
1618 1570 1740 1611 currunt·

950 1622 1038 1689 pontis
1057 1633 1085 1678 ει
1104 1623 1238 1688 vitiantis,
1254 1639 1315 1680 enin
1337 1640 1389 1695 qno
1411 1626 1530 1681 nascitur
1542 1628 1630 1681 omnis
1644 1626 1738 1682 homo.

950 1692 1067 1763 Unaque
1088 1708 1149 1750 nee
1181 1709 1254 1751 ores
1268 1710 1378 1751 manetis
1401 1696 1426 1751 iit
1447 1707 1551 1751 ustuire
1573 1710 1629 1751 stite
1650 1696 1738 1764 bono,

950 1710 1130 1846 accidentibus
1144 1765 1166 1821 si
1187 1764 1412 1821 ladrcrsitatibtis
1427 1766 1544 1821 arescit¹
1555 1774 1635 1837 atque
1650 1775 1741 1839 torpe-

950 1843 1009 1900 scit,
1025 1835 1135 1890 cultoris
1146 1850 1253 1905 sempor
1266 1836 1387 1907 indigens
1400 1852 1479 1891 mauu
1492 1836 1533 1891 rel
1548 1837 1695 1907 diligentia,
1710 1848 1740 1894 tit

949 1913 1052 1961 nasone
1065 1922 1135 1971 snae,
1150 1905 1193 1962 cui
1207 1906 1273 1961 niiiil
1286 1918 1328 1962 est
1339 1906 1501 1963 contrarium
1518 1908 1553 1963 ab
1564 1916 1673 1963 atictore
1686 1924 1737 1964 sito

951 1976 1007 2031 Deo
1020 1977 1199 2047 congenitum,
1213 1975 1302 2033 valeat
1313 1978 1483 2047 respondere.
1500 1976 1557 2032 ilnc
1568 1979 1654 2048 agitur
1667 1988 1695 2034 et
1709 1982 1737 2035 lii

949 2055 1041 2101 itostra
1056 2046 1203 2117 peccatrice
1217 2055 1310 2103 initura
1325 2064 1448 2118 :semper
1465 2046 1566 2118 indiget
1583 2056 1692 2105 atictore
1710 2056 1740 2105 et

950 2116 1054 2171 cultore
1068 2131 1117 2173 suo
1129 2126 1208 2187 atquc
1220 2127 1409 2174 ceitserratote
1428 2118 1498 2184 lieu,
1512 2130 1540 2172 itt
1551 2118 1636 2185 spinis
1649 2128 1676 2176 et
1689 2120 1738 2175 tri·

952 2187 1021 2243 bulis
1035 2188 1196 2259 zizaniisque
1210 2188 1326 2244 libidinis
1339 2190 1381 2246 sel
1395 2190 1514 2243 eutitium
1528 2189 1657 2243 ittalaritm
1669 2206 1737 2246 cott-

950 2258 1189 2329 citpisceutiarum,
1225 2275 1280 2324 iia,
1295 2267 1323 2313 ut
1333 2274 1406 2341 sepe
1416 2258 1548 2324 diximus,
1562 2275 1614 2315 tioit
1629 2268 1739 2317 auctore

952 2328 1008 2383 lieo
1018 2372 1026 2393 ,
1038 2327 1085 2383 scd
1105 2274 1240 2399 peccando
1258 2340 1409 2395 contraxit,
1419 2346 1501 2387 iiiattu
1517 2332 1609 2400 gratiae
1621 2346 1676 2385 sum
1692 2347 1739 2401 per

952 2400 1044 2455 lesum
1058 2398 1193 2455 Christum
1207 2398 1348 2455 lioinittum
1364 2410 1493 2465 nostrum,
1507 2400 1633 2471 quamdiu
1645 2402 1672 2456 in
1684 2411 1739 2457 ter-

951 2485 1009 2527 rant
1023 2470 1057 2525 de
1070 2486 1121 2539 qua
1134 2480 1239 2539 sumpta
1249 2481 1291 2525 εει
1304 2470 1404 2528 redcat.
1417 2472 1550 2541 cipietiir,
1561 2472 1595 2527 ile
1608 2480 1676 2527 terra
1687 2473 1740 2527 ite·

952 2556 1012 2597 runt
1025 2540 1053 2595 in
1066 2556 1163 2595 norum
1176 2542 1302 2595 saeculutti
1317 2542 1457 2611 put-issima
1472 2540 1599 2605 reditura,
1612 2557 1659 2610 per
1668 2557 1740 2597 eutit-

952 2614 1013 2667 dent
1032 2610 1123 2667 lesum
1145 2610 1278 2665 Citrisiuui
1300 2610 1441 2667 liutitinutit
1462 2622 1580 2667 nostruin
1601 2615 1738 2669 suscitati.

953 2682 1051 2737 lterum
1061 2696 1125 2751 ergo
1139 2681 1288 2752 itcrtttnque
1300 2694 1411 2753 repeto:
1424 2682 1518 2737 Libido
1531 2682 1599 2737 mala
1613 2680 1678 2737 nibil
1690 2682 1740 2739 bo·

953 2752 994 2807 uis
1009 2750 1119 2822 impedit
1128 2752 1139 2784 ⁸
1149 2752 1257 2821 nuptiis,
1271 2752 1332 2823 qnia
1345 2767 1398 2806 nott
1408 2751 1441 2809 ab
1456 2753 1530 2807 initio
1544 2752 1571 2807 iit
1585 2753 1643 2822 cius
1657 2755 1740 2810 surdi-

953 2824 1001 2879 hiis
1013 2830 1093 2889 sunt,
1106 2822 1182 2877 sicuti
1195 2824 1251 2891 jairi
1264 2838 1344 2893 snpra
1357 2822 1490 2889 diximus,
1507 2824 1645 2879 ordinatim.
1667 2824 1739 2881 lictis

952 2893 1024 2951 enlin
1036 2893 1081 2965 qui
1096 2893 1155 2949 siue
1167 2892 1308 2949 concubitu
1322 2908 1387 2963 apes
1401 2891 1484 2949 letare
1499 2895 1608 2960 crearit,
1623 2904 1650 2951 et
1663 2910 1741 2965 agro·

953 2980 1012 3019 rum
1024 2973 1119 3019 cuncta
1130 2962 1233 3018 semina
1243 2963 1343 3035 absque
1352 2963 1462 3019 libidine
1474 2966 1600 3019 sentinari
1611 2966 1651 3019 vel
1664 2967 1738 3029 nasci

952 3033 1082 3101 decrerit,
1095 3033 1230 3090 bominem
1242 3049 1348 3105 quoque
1360 3050 1392 3089 cii
1408 3034 1526 3098 bomine,
1537 3036 1559 3089 si
1571 3050 1622 3089 nou
1634 3050 1742 3103 peccas·

953 3114 1005 3173 set,
1020 3120 1069 3175 pet·
1088 3105 1258 3161 concubitum
1280 3103 1470 3169 voluntarium,
1483 3120 1535 3159 non
1557 3120 1605 3175 per
1625 3104 1742 3162 libidinis

952 3185 1071 3233 scertunt
1084 3175 1223 3232 exoriri-in
1239 3175 1361 3244 paradiso
1375 3175 1547 3244 permisisset.
1564 3175 1612 3230 Cui
1627 3174 1741 3246 qualiter

953 3246 979 3302 id
989 3247 1140 3318 contigerit,
1154 3247 1180 3302 iit
1192 3244 1463 3316 bujusdispotatimtis
1473 3246 1599 3314 capitulo,
1610 3253 1740 3316 quantuni

954 3317 1082 3374 llumitius
1092 3317 1231 3378 revelavit,
1241 3315 1297 3386 jam
1309 3331 1353 3372 nie
1364 3316 1479 3371 arbitror
1494 3317 1654 3372 ostendisse.
1665 3317 1742 3373 ideo·

952 3403 1005 3460 que
1024 3387 1175 3458 nuptiarum
1197 3387 1330 3443 licentiam
1350 3387 1448 3443 bonam
1467 3386 1545 3442 ualde
1567 3387 1695 3452 latemur,
1714 3397 1743 3444 ct

953 3459 1051 3514 inulam
1065 3457 1307 3528 concupiscentiam
1320 3457 1347 3512 iit
1360 3456 1509 3528 conjuratis
1523 3457 1701 3513 damnabilem
1713 3469 1742 3516 et

952 3529 1137 3600 voluptuosam
1150 3544 1211 3585 csse
1224 3527 1355 3584 eatltolieo
1367 3543 1414 3583 ure
1429 3543 1591 3592 centannis,
1607 3537 1742 3584 restrum·

953 3615 1006 3728 qqe
1015 3601 1110 3671 dogma
1123 3600 1150 3654 itt
1162 3599 1220 3669 ejus
1230 3598 1392 3667 turpitudine
1407 3597 1578 3667 horrendum,
1589 3608 1741 3655 sauciarunt

989 3671 1011 3726 ri
1032 3679 1150 3726 ttiraruni
1164 3668 1322 3726 auctoritate
1333 3670 1499 3726 damnantes.

987 3688 1102 3798 exitii
1116 3739 1230 3796 itit-
1250 3738 1293 3796 ii.
1314 3739 1491 3796 Paitiitsesta
1543 3737 1741 3808 tolusilbiisti,

953 3826 1007 3869 neit
1023 3812 1143 3882 Pelagius
1155 3811 1301 3880 discipulus
1313 3809 1480 3876 Anticbristl,
1511 3809 1627 3875 eretice,
1640 3809 1685 3879 qui
1697 3809 1739 3865 di-

952 3883 990 3940 cit
1003 3880 1244 3952 concupiscentiam
1257 3881 1284 3936 iii
1298 3895 1379 3936 carne
1393 3896 1439 3934 stin
1454 3897 1507 3934 tiou
1522 3881 1620 3935 bouum
1631 3878 1738 3935 liabita-

953 3970 983 4009 re
995 3971 1004 4008 z
1018 3953 1072 4009 inte
1085 3952 1253 4022 apertissime
1267 3951 1365 4006 utilitia
1380 3950 1459 4014 dicit,
1475 3959 1611 4020 peecatum
1626 3965 1686 4006 estc
1698 3960 1741 4007 ie·

954 4033 1049 4087 statur,
1059 4023 1196 4078 stimulum
1203 4022 1356 4078 carttissute
1366 4022 1494 4085 nominat,
1504 4037 1520 4076 a
1530 4021 1744 4092 qtiosecoiapiti·

953 4095 1008 4150 zari
1022 4095 1134 4159 clamat,
1152 4107 1185 4148 ne
1195 4092 1379 4163 uiaguitudine
1389 4091 1584 4148 revelationum
1600 4093 1743 4148 extollatur

954 4163 992 4234 (il
1004 4163 1064 4220 Cor.
1077 4180 1131 4232 xii,
1142 4165 1169 4238 i)
1182 4164 1276 4232 :cuius
1288 4163 1366 4218 titulis
1379 4160 1577 4218 consideratis*
1590 4162 1617 4217 itt
1630 4177 1744 4235 cot-pure

954 4237 1049 4291 mortis
1065 4251 1138 4300 suu,
1152 4235 1178 4290 iit
1191 4250 1244 4304 quo
1257 4231 1357 4290 belluni
1370 4233 1524 4289 intestinum
1538 4248 1601 4289 citui
1617 4233 1744 4290 invisibili

954 4305 1170 4433 boswmmt,
1184 4304 1332 4360 remedium
1344 4303 1438 4360 sitietis
1451 4319 1506 4358 site
1522 4305 1623 4360 nullum
1639 4305 1744 4371 penitus

954 4377 1006 4434 nisi
1077 4379 1227 4446 ingratiam
1244 4375 1289 4430 liei
1302 4375 1330 4429 iit
1345 4373 1453 4430 Cltsisto
1464 4374 1529 4430 lesu
1544 4375 1701 4430 liberantem
1712 4389 1743 4428 sti

955 4449 1088 4504 inuenisse
1098 4456 1221 4502 testatur.
1233 4445 1293 4516 ipsc
1302 4445 1366 4501 dicit
1377 4445 1497 4500 scribetis
1509 4445 1544 4500 ad
1553 4443 1742 4500 colossenses:

955 4518 1109 4586 liertidcote
1121 4516 1233 4572 utemini
1244 4524 1325 4570 uestra
1335 4529 1393 4585 qiiae
1401 4525 1460 4568 snut
1472 4531 1549 4585 super
1563 4524 1672 4577 terreum
1684 4514 1742 4583 sor-

953 4589 1123 4651 tricuti'oiieiii,
1138 4586 1338 4650 intniiinditimit,
1354 4583 1499 4652 libidinem,
1510 4585 1741 4654 concupiscentium

954 4661 1058 4725 titulant,
1074 4654 1272 4729 lectorensi
1287 4665 1339 4711 ειε.
1357 4654 1526 4723 Respondete
1540 4654 1602 4708 ltuie
1612 4655 1744 4710 tautodo·

953 4730 1031 4791 eteri,
1046 4744 1094 4784 cur
1105 4743 1137 4784 ea
1151 4726 1333 4782 mortificanda
1347 4726 1476 4796 precipit,
1490 4725 1513 4780 si
1526 4725 1656 4779 naturalia
1670 4727 1742 4782 botta

954 4800 1032 4854 sunti
1043 4799 1095 4855 Sed
1108 4798 1204 4854 melitis
1215 4797 1241 4851 iii
1252 4798 1328 4851 robis
1341 4795 1447 4866 Pelagio
1455 4795 1619 4852 etCtelestio
1631 4796 1744 4866 loqueu-

954 4871 1041 4937 tibus,
1053 4882 1131 4940 qoam
1144 4868 1250 4924 cbristo
1264 4868 1290 4922 iii
1303 4865 1401 4929 Paulo,
1416 4867 1578 4922 econtrario
1590 4866 1742 4937 qemdicatis

953 4956 1014 4996 curii
1030 4939 1154 4996 iattdablll
1167 4940 1270 5010 plausu,
1283 4937 1402 4994 dieentes
1418 4954 1425 4990 :
1440 4957 1450 4992 i
1469 4937 1606 4992 Viriilcatc
1621 4939 1742 4993 membra

955 5020 1042 5067 vestra
1062 5025 1121 5080 igine
1141 5017 1204 5066 surii
1220 5023 1300 5079 super
1316 5017 1428 5073 ιειιιιιις
1444 5006 1647 5063 [intricationem
1660 5023 1741 5062 iniist-

953 5081 1027 5150 dam,
1039 5081 1177 5140 libidinem
1191 5081 1303 5142 bonam,
1317 5077 1559 5148 concupiscentiam
1574 5079 1712 5148 optimam.
1728 5098 1739 5130 i

955 5150 1079 5216 ileineus,
1092 5161 1119 5207 et
1133 5151 1277 5208 secuudum
1290 5149 1453 5204 voluntatem
1468 5158 1541 5204 tuam
1557 5149 1582 5203 in
1598 5148 1740 5218 reprobum

953 5239 1061 5279 sensum
1076 5223 1186 5279 dimisse
1200 5221 1325 5276 baeretioe
1341 5237 1347 5274 ε
1364 5218 1398 5274 de
1412 5220 1522 5274 istarum
1537 5218 1655 5273 sordiuitt
1670 5219 1742 5273 ttiaio

954 5295 1049 5350 iterum
1069 5293 1133 5348 dicit
1152 5293 1221 5348 idom
1241 5289 1377 5360 apostolus
1391 5290 1512 5345 scribetis
1532 5289 1565 5344 ad
1586 5289 1740 5355 Romanos,

953 5363 981 5418 N
983 5383 1015 5420 on
1029 5374 1114 5436 regnet
1129 5373 1256 5430 puccium
1269 5363 1294 5416 in
1310 5370 1390 5415 uestro
1402 5360 1505 5415 utortuii’
1516 5374 1631 5430 corpore,
1641 5367 1670 5412 stt
1681 5360 1741 5412 eie-

952 5436 1029 5490 dintis
1044 5433 1253 5505 concupiscentiis
1266 5431 1423 5504 ejusliloui.
1436 5447 1477 5492 ri,
1492 5429 1548 5500 is).
1564 5427 1610 5484 lile
1625 5429 1651 5483 iit
1666 5430 1740 5483 reri·

953 5513 1006 5563 iate
1018 5504 1139 5560 docende
1153 5503 1274 5572 probibet
1289 5503 1330 5557 iiis
1345 5501 1518 5557 immunditiis
1532 5500 1641 5555 obedire
1652 5519 1659 5555 :
1671 5509 1697 5554 tu
1712 5501 1739 5554 iit

951 5592 1043 5633 errore
1057 5575 1200 5646 Pelagiaito
1213 5574 1318 5628 suades.
1344 5573 1390 5628 lile
1401 5569 1642 5642 coacttpiseeiitiatti
1656 5571 1738 5627 metiti

981 5696 990 5728 ¹
1009 5693 1162 5756 audiqtnores
1171 5690 1283 5762 codices,
1294 5689 1397 5759 detritos.

981 5758 992 5789 ¹
1011 5765 1061 5804 sm.
1073 5761 1111 5804 ιιι.
1121 5761 1148 5804 ει
1158 5761 1222 5811 tiss„
1232 5757 1372 5802 umerescit.

983 5818 993 5850 ¹
1008 5818 1044 5866 sic
1051 5823 1105 5867 tiss.
1119 5823 1147 5866 it
1155 5815 1225 5876 editi,
1233 5810 1358 5884 inpendit.
1485 5873 1491 5885 .

983 5880 994 5913 ⁸
1009 5880 1046 5929 Sic
1055 5886 1108 5930 tiss.
1121 5885 1149 5928 itt
1159 5877 1230 5937 editi,
1240 5887 1310 5937 mque
1319 5871 1411 5923 molunt
1425 5873 1587 5926 mundissim.

1673 386 1761 451 tots,
1828 374 1832 385 '
