4009 6375
1731 212 1765 229 a

202 338 275 400 stoa
540 326 664 389 orunns
682 325 888 385 nurnnrncn
904 318 1041 383 conans
1060 316 1239 392 nnntnnuu,
1259 317 1290 381 s.
1309 314 1498 381 nucnsrtm
1683 344 1685 349 -
1776 317 1849 381 rm

207 469 218 503 ι
235 449 311 507 Sient
324 446 416 505 briam
431 445 495 503 dum
510 444 677 503 sabellianos
687 443 806 517 lugiunt,
820 444 846 499 in
858 440 933 515 pejus
948 436 998 493 ali·
1056 444 1175 503 taceam,
1190 437 1224 494 dn
1237 437 1283 495 tibi
1296 438 1408 495 Paulum
1421 432 1588 511 apostolum,
1603 449 1684 511 quent
1696 442 1726 496 itt
1738 451 1848 511 qnoque

205 542 270 614 qnid
285 540 456 609 inciderunt,
474 540 537 613 quia
549 535 687 594 Trinitatis
696 536 755 593 ausi
767 545 830 593 sunt
840 550 892 591 non
906 547 1000 605 perso·
1054 530 1218 589 laudatorem
1232 532 1360 604 praedicas
1369 533 1540 605 nuptiarum,
1564 532 1696 590 dicentem
1707 540 1799 589 tamen
1813 532 1847 589 tlt

202 648 253 690 nas
266 632 440 698 discernere,
453 630 502 688 sed
516 640 626 690 naturas
641 646 649 686 ι
662 628 699 685 ita
710 626 845 698 Pelaginni
864 626 927 682 dnm
940 624 999 680 lla-
1054 632 1156 679 natiuae
1170 624 1306 697 originalis
1318 631 1327 663 ¹
1350 633 1441 695 reatu,
1457 641 1554 699 corpus
1566 634 1700 683 mortuom
1715 640 1775 683 csse
1786 639 1836 696 pro

202 723 370 781 niebaemum
384 731 488 795 pestem
497 722 525 779 in
535 736 690 793 perversum
704 719 789 776 uitare
800 725 948 786 conantur,
967 715 1001 772 dc
1054 724 1114 787 pter
1133 726 1270 789 peecatum
1286 714 1374 793 (licor.
1389 733 1450 786 nun,
1466 716 1523 791 lli).
1549 717 1588 774 lio
1603 718 1651 774 tibi
1669 717 1783 773 alterum
1798 717 1836 773 bu

204 818 358 889 nuptiarum
395 816 485 874 lructu
525 815 590 888 ipsis
623 813 777 872 llanicbaeis
807 813 1002 871 convincuntur
1052 808 1097 880 ius
1115 809 1327 879 intellectorem,
1351 826 1494 883 meumque
1512 810 1666 877 doctorem,
1686 810 1850 867 catholicum

202 909 398 984 perniciosiora
422 909 547 977 sentire,
572 906 707 964 credendo
733 906 859 979 parvulos
894 903 1002 960 cbristo
1055 902 1246 968 Ambrosium,
1274 904 1404 975 quicum
1432 902 1524 961 laudet
1549 904 1716 977 conjugalem
1742 903 1849 976 pudici·

205 999 381 1057 mediconno
396 1015 477 1072 egere
494 1019 505 1053 ι
527 998 598 1073 (tto.
617 998 682 1055 ade
701 997 809 1070 Nuptiis
829 1006 853 1053 et
874 994 1002 1067 concnpt-
1055 998 1136 1067 tiam,
1159 997 1223 1053 dicit
1236 1006 1347 1055 tamen:
1367 1018 1376 1052 ι
1392 997 1492 1055 Omnes
1506 998 1557 1055 sub
1576 1006 1686 1069 peceato
1701 997 1847 1063 nascimur,

203 1095 314 1161 acontio,
328 1111 357 1149 a.
372 1093 428 1166 58).
450 1093 514 1150 liae
536 1093 618 1150 ruba
643 1107 704 1149 mea
729 1092 778 1149 tibi
804 1080 1000 1163 proposuisses,
1054 1102 1167 1159 quorum
1181 1087 1238 1159 ipse
1250 1088 1361 1144 ortusin
1379 1088 1520 1145 sideest»
1538 1087 1589 1160 (lle
1607 1087 1780 1156 Pestilentia,
1797 1086 1845 1142 lib.

204 1185 248 1240 rel
277 1194 351 1242 certe
375 1186 444 1241 banc
459 1182 619 1244 sententiam
640 1201 745 1253 meato,
763 1184 788 1240 si
806 1182 870 1239 mibi
896 1196 1002 1255 quoquo
1056 1180 1224 1253 l,enp.2nel
1238 1180 1277 1253 5).
1298 1180 1478 1249 calumniose,
1496 1180 1662 1239 contentiose
1670 1182 1693 1250 ¹,
1716 1180 1851 1253 linguose,

203 1277 286 1333 modo
303 1277 468 1350 respondere
482 1277 614 1335 noluisses
629 1297 636 1334 ε
650 1278 749 1351 quibus
766 1276 952 1349 praetermissis
962 1272 1002 1331 di·
1054 1272 1120 1344 quid
1129 1272 1228 1345 quaeris
1242 1273 1376 1344 amplinsl

203 1369 245 1426 cis
259 1370 306 1426 tibi
319 1370 377 1441 ipse
387 1371 459 1442 quod
472 1372 523 1439 ris,
533 1381 563 1428 nt
573 1372 650 1439 milri,
664 1386 719 1428 non
732 1385 765 1428 ea
777 1384 863 1444 qnaea
876 1368 1001 1427 modicia
1090 1365 1185 1423 lixit.
1208 1364 1267 1423 iot.
1290 1364 1390 1423 ilerum
1411 1365 1552 1424 adversum
1573 1365 1632 1424 bec
1647 1366 1761 1425 ludibria
1780 1368 1849 1425 satis

205 1471 269 1517 sarit
288 1461 454 1531 reicllendp,
476 1463 525 1521 sed
536 1477 590 1521 nen
604 1462 720 1521 tacendo
731 1462 902 1534 respondisse
911 1461 999 1519 ridea-
1055 1466 1144 1515 actum
1157 1467 1199 1515 est
1213 1477 1221 1515 a
1237 1459 1375 1515 veniamus
1389 1458 1504 1527 adeam,
1521 1474 1601 1531 quam
1613 1474 1693 1530 supra
1708 1459 1773 1526 diri,
1788 1475 1852 1531 per-

203 1554 254 1608 sis.
270 1554 304 1609 Et
315 1554 468 1627 nune,quod
481 1571 514 1613 ea
526 1572 569 1614 me
580 1557 681 1614 sentire
692 1554 760 1613 (licis
772 1598 779 1625 ,
794 1570 854 1628 quse
866 1555 1000 1611 sentinnt¹
1054 1538 1236 1623 plenissimam
1252 1553 1427 1624 questionem
1439 1594 1448 1623 ,
1469 1568 1529 1625 quae
1547 1552 1635 1625 ipsum
1656 1562 1852 1625 preceptorem

206 1645 363 1716 llaniebaei,
386 1649 497 1705 multum
516 1650 633 1719 lalleris;
655 1649 698 1707 rel
719 1632 819 1721 potiusu
832 1664 900 1721 quos
926 1655 1002 1720 potes
1056 1653 1129 1700 tuum
1148 1644 1190 1701 sui
1208 1644 1353 1703 subtilitate
1370 1644 1485 1718 decepit.
1501 1644 1668 1717 oppositioni
1684 1646 1782 1717 quippe
1797 1661 1850 1702 nu·

205 1736 287 1793 fallis.
305 1738 373 1795 Nam
387 1739 527 1797 llaniclraei
540 1742 641 1799 malum
653 1752 817 1799 coaeternum
828 1742 901 1807 lieo,
917 1741 1002 1797 idem·
1055 1746 1135 1808 stra,
1150 1738 1220 1794 baud
1233 1736 1411 1809 exponendo,
1425 1738 1474 1795 sed
1486 1738 1560 1795 aliud
1578 1736 1712 1795 dilicilius
1724 1736 1853 1810 ponende

205 1843 261 1899 que
273 1830 284 1861 ¹
297 1828 396 1886 malum
409 1846 470 1888 esse
487 1834 679 1902 substantiam,
691 1842 720 1891 et
731 1833 846 1890 alienam
857 1832 1001 1905 quamdam
1055 1838 1166 1887 conatus
1179 1846 1209 1887 cs
1222 1845 1375 1887 occurrere.
1391 1828 1458 1887 Cum
1474 1830 1545 1887 enim
1558 1830 1728 1897 docuissem,
1743 1832 1807 1904 quia
1822 1832 1850 1888 in

205 1920 300 1977 dieunt
312 1936 373 1979 csse
387 1931 520 1992 naturam,
542 1940 602 1997 qnae
614 1926 753 1983 inbonum
764 1927 879 1988 mutari,
893 1940 1002 1998 inceper
1056 1920 1206 1978 bominibus
1227 1922 1394 1994 perfectioris
1414 1922 1501 1979 aetatis
1521 1923 1620 1979 malum
1640 1931 1734 1995 suapte
1754 1922 1853 1979 nolun-

205 2014 353 2085 seipsam,
368 2016 530 2075 necabono
545 2018 601 2075 beo
617 2019 702 2091 possit
714 2020 844 2076 omnino:
860 2019 936 2091 cujus
949 2020 1002 2075 im·
1056 2022 1109 2070 tate
1130 2014 1140 2047 ⁸
1163 2017 1354 2087 operantibus,
1376 2027 1404 2073 et
1421 2016 1536 2074 innocua
1555 2025 1658 2074 nature
1676 2016 1854 2074 laudarentur

206 2106 344 2163 mutabilis
356 2107 419 2163 mali
431 2109 624 2167 commixtione
636 2110 657 2179 ¹,
671 2112 788 2168 animam
798 2111 907 2178 bonam
921 2124 1002 2182 quam
1055 2107 1175 2178 exordia,
1189 2117 1217 2165 ct
1228 2111 1362 2167 actionum
1374 2109 1531 2167 diverticula
1541 2110 1602 2182 jure
1616 2110 1852 2183 vituperarentur;

205 2198 317 2255 credere
330 2200 430 2258 audent
446 2202 511 2260 boni
525 2203 573 2261 liei
594 2220 656 2263 esse
673 2215 816 2272 naturam,
837 2205 1002 2277 inquinatam
1055 2198 1161 2273 duoque
1181 2217 1249 2268 csse,
1275 2218 1335 2276 quae
1358 2204 1463 2275 possint
1485 2204 1629 2260 contrariis
1650 2203 1798 2275 applicari3
1824 2204 1854 2261 in

203 2291 349 2363 perbibent
369 2305 450 2367 atque
471 2307 645 2370 corruptam
668 2309 695 2355 et
715 2298 750 2355 ob
768 2298 820 2355 boc
842 2300 868 2355 in
885 2298 1005 2371 qualibet
1054 2294 1172 2366 pannulis
1186 2305 1275 2351 autem
1288 2312 1392 2367 unum,
1408 2296 1435 2353 id
1448 2305 1505 2364 est,
1519 2305 1659 2365 naturam,
1677 2298 1739 2369 quia
1753 2297 1854 2353 nolon·

111 2380 123 2403 ‘
204 2382 324 2442 bonninls
337 2395 416 2444 aetate
427 2391 609 2446 necessarium
625 2389 726 2447 babere
738 2390 908 2457 salvatorem,
923 2406 1003 2463 aquo
1054 2395 1096 2442 tas
1110 2402 1162 2443 non
1177 2396 1266 2455 esset;
1287 2388 1405 2461 illudque
1423 2406 1505 2447 unum
1526 2398 1573 2447 aut
1591 2392 1661 2459 lieo,
1675 2398 1721 2447 aut
1734 2389 1856 2448 demoni

204 2474 335 2532 nrttndata
347 2486 375 2533 et
388 2477 659 2551 redintegratamque
672 2494 688 2535 a
704 2478 749 2535 tali
758 2480 911 2551 captivitate
925 2490 1001 2538 eruta
1054 2492 1114 2536 esse
1127 2480 1304 2552 reputandum
1318 2499 1324 2536 :
1340 2482 1491 2555 collegique
1502 2480 1514 2514 ⁸
1525 2523 1533 2550 ,
1546 2490 1577 2539 ut
1591 2482 1613 2538 si
1636 2497 1685 2555 per
1702 2482 1786 2538 Deum
1801 2497 1855 2539 na·

204 2566 345 2626 liberetur.
371 2570 425 2627 lios
437 2580 528 2628 autem
548 2571 612 2628 dum
630 2572 658 2629 iu
674 2588 829 2645 perversum
846 2574 1002 2649 lugitislla-
1056 2581 1115 2630 tura
1141 2574 1321 2643 subsisteret,
1343 2590 1395 2633 non
1421 2585 1514 2649 posset
1536 2592 1597 2633 esse
1616 2579 1643 2634 in
1663 2592 1695 2635 ea
1722 2578 1857 2650 originale

203 2660 344 2730 michaeus,
365 2660 393 2717 in
406 2662 454 2717 lias
466 2662 612 2735 impietatis
629 2667 754 2723 tenebras
768 2666 914 2733 incidistis,
928 2676 958 2722 ut
967 2666 1004 2723 ab
1054 2666 1172 2743 malum;
1187 2666 1209 2724 si
1223 2674 1311 2723 autem
1322 2666 1429 2725 diabolo
1448 2669 1672 2727 transcriberetur
1686 2684 1735 2742 per
1748 2670 1857 2743 ingeni·

205 2754 281 2809 omni
301 2754 373 2811 malo
392 2757 539 2814 asserendo
560 2761 686 2831 parrulos
706 2762 812 2832 salvos,
834 2760 1001 2819 satvamrem
1055 2767 1111 2815 tum
1126 2758 1245 2825 malum,
1261 2758 1326 2815 nibil
1341 2768 1414 2815 essct
1428 2775 1475 2831 per
1487 2760 1558 2832 quod
1575 2760 1655 2817 bomo
1672 2760 1764 2817 divine
1775 2762 1857 2833 operi

205 2849 315 2907 miseris
331 2852 513 2910 necessarium
533 2869 588 2911 non
606 2857 723 2927 putetis;
748 2867 776 2913 ct
793 2856 951 2927 adiurandis
962 2856 1003 2913 eis
1055 2853 1237 2911 vindicaretur
1252 2872 1259 2909 a
1274 2867 1335 2910 cum
1349 2868 1414 2926 engo
1434 2854 1467 2911 ad
1481 2870 1511 2911 ea
1527 2855 1695 2926 pervenisses
1707 2855 1785 2923 loca,
1807 2872 1857 2915 re·

205 2942 289 3013 ipsis,
312 2958 380 3016 quos
398 2945 505 3017 lugitis,
530 2946 684 3011 llanicbaeis
697 2948 789 3005 nescio
806 2947 942 3019 quomodo
954 2963 1004 3022 per
1054 2945 1196 3018 spondisti,
1212 2946 1264 3003 lide
1277 2946 1365 3015 solita,
1385 2960 1428 3001 me
1444 2946 1583 3018 collegisse
1596 2961 1706 3013 verum;
1721 2946 1769 3003 md
1783 2954 1812 3003 et
1827 2946 1856 3004 in

206 3035 347 3093 circuitum
360 3039 441 3093 vestri
454 3040 603 3095 occurratis
616 3040 735 3109 erroriS,
759 3038 883 3113 negando
901 3040 1001 3098 malum
1055 3038 1172 3113 paruulis
1185 3038 1239 3096 dno
1253 3054 1322 3107 esse,
1335 3038 1423 3107 idest,
1438 3047 1560 3095 naturam
1574 3048 1601 3095 et
1612 3047 1763 3111 peceatum.
1773 3038 1857 3109 Quod

206 3127 307 3184 ritiatae
328 3137 430 3185 naturae
459 3139 574 3199 nostram
598 3140 630 3189 ιιι
651 3130 779 3204 quidquid
804 3132 936 3190 maiorum
959 3134 1001 3191 rel
1056 3142 1144 3190 tamen
1158 3141 1314 3205 peceatum,
1335 3139 1365 3189 ιιι
1380 3120 1702 3206 pnorunbotnitionnm
1724 3132 1856 3192 recorde-

207 3229 284 3277 reete
308 3222 442 3291 ereditur,
471 3223 513 3280 rel
537 3233 631 3296 aperte
654 3225 790 3282 invenitur
814 3225 841 3281 in
867 3227 1002 3297 parvulis,
1055 3227 1113 3292 ris,
1137 3225 1202 3282 nibil
1225 3236 1267 3282 est
1288 3225 1370 3294 aliud,
1398 3241 1478 3298 quam
1502 3227 1627 3282 rolnnntas
1652 3227 1784 3284 retinendi
1810 3227 1857 3284 rel

206 3313 391 3371 commixtioni
419 3313 510 3389 (quod
531 3317 627 3374 rolant
649 3317 721 3390 ipsi)
746 3325 849 3374 naturae
873 3321 1005 3376 tribuatur
1056 3318 1212 3374 admittendi
1227 3317 1298 3389 quod
1312 3317 1413 3389 iustitia
1430 3325 1521 3384 vetat,
1544 3327 1572 3374 et
1592 3319 1664 3376 unde
1679 3319 1792 3377 liberum
1812 3328 1858 3378 est

206 3403 312 3461 alienae.
334 3404 472 3463 catholica
491 3422 557 3465 nero
577 3417 608 3464 ut
624 3408 786 3466 Mauicbaeos
805 3421 833 3466 et
847 3409 1004 3483 Pelagianos
1056 3412 1200 3468 abstinere.
1216 3409 1367 3468 Constituto
1380 3424 1445 3484 ergo
1459 3419 1597 3484 peceatum
1612 3412 1677 3469 nibil
1691 3427 1753 3470 csse
1768 3413 1855 3480 aliud,

207 3496 327 3567 devitet,
348 3499 450 3555 nullam
468 3509 590 3556 naturam
601 3509 682 3574 atque
695 3503 871 3559 substantiam
890 3519 951 3560 esse
963 3503 1005 3560 di·
1056 3520 1135 3578 quam
1149 3519 1237 3575 prarae
1248 3505 1393 3561 voluntatis
1405 3504 1582 3573 electionem
1598 3506 1772 3576 respondisti,
1785 3505 1857 3578 Epi-

206 3589 246 3646 cit
267 3592 368 3648 malum
382 3609 390 3646 ι
403 3591 453 3648 sed
473 3592 623 3651 uoluntario
646 3595 734 3662 malo,
758 3596 830 3667 qnod
851 3612 899 3668 per
920 3613 1002 3654 unum
1056 3613 1122 3656 cure
1136 3598 1219 3654 nestri
1235 3597 1374 3674 temperis,
1388 3596 1545 3668 inparnntlis
1559 3606 1697 3670 peecatum
1710 3613 1788 3666 esse,
1803 3613 1856 3656 re·

206 3679 345 3738 bominem
359 3683 387 3738 in
400 3699 493 3742 omnes
506 3684 629 3742 homines
639 3687 806 3757 pertransiit,
821 3697 940 3745 nostram
956 3705 1004 3746 na-
1056 3691 1185 3748 luntatcm
1200 3705 1255 3746 non
1274 3704 1334 3746 esse
1349 3707 1356 3745 :
1371 3690 1444 3764 quod
1463 3691 1540 3762 euius
1553 3691 1588 3746 sit
1600 3690 1760 3759 dedecoris,
1783 3687 1858 3750 liber

206 3781 294 3831 turam
304 3785 384 3850 atque
395 3777 570 3836 substantiam
585 3778 646 3837 ideo
657 3781 813 3839 mutabilem
826 3789 856 3852 ⁸,
876 3784 939 3856 quia
953 3783 1003 3841 liei
1054 3782 1110 3854 iam
1122 3791 1232 3854 quartus
1244 3779 1371 3838 ostendit.
1385 3780 1414 3838 ln
1428 3781 1471 3837 lris
1481 3797 1545 3854 ergo
1560 3782 1626 3840 loeis
1638 3797 1699 3840 eum
1712 3782 1857 3853 dixissem,

207 3879 303 3926 natura
318 3885 372 3926 non
384 3879 435 3938 est,
447 3887 500 3928 nen
514 3881 595 3945 negm
605 3889 665 3931 esse
679 3875 799 3932 vitiatam
809 3891 817 3943 ;
827 3878 907 3949 eique
919 3877 1002 3946 malo,
1056 3874 1085 3932 Si
1098 3890 1132 3932 ex
1143 3875 1280 3930 vuluntate
1298 3884 1340 3930 est
1361 3881 1519 3944 peecatum,
1542 3874 1612 3931 mala
1631 3875 1774 3944 voluntas,
1792 3891 1858 3948 quae

205 3961 279 4032 quod
294 3963 441 4020 insanabile
462 3964 518 4021 lieo
529 3981 584 4021 non
598 3976 660 4036 est,
679 3977 711 4024 nt
728 3967 833 4025 absumi
855 3971 955 4042 possit,
976 3971 1002 4028 in
1057 3974 1197 4038 peceatum
1212 3963 1290 4032 iacit;
1305 3963 1330 4019 si
1341 3979 1375 4022 ex
1391 3973 1496 4032 natura,
1511 3966 1581 4023 mala
1595 3976 1700 4036 natura,
1715 3983 1775 4040 quae
1788 3984 1859 4042 pec-

206 4057 469 4115 omnibnsaetatibus
483 4059 839 4120 salvatoremuooosmriom
849 4065 1002 4123 conaretur,
1057 4066 1146 4114 catum
1167 4056 1232 4113 lacit
1247 4075 1254 4114 ι
1270 4071 1301 4112 ea
1326 4057 1476 4128 quaestione
1492 4071 1522 4114 es
1540 4057 1607 4114 mibi
1625 4069 1738 4118 cenatus
1755 4075 1858 4120 occur-

206 4149 324 4209 Proinde
335 4166 386 4208 nee
397 4151 432 4207 de
443 4161 552 4222 peceato
567 4153 692 4220 naturali,
705 4169 756 4210 nee
770 4153 804 4211 de
819 4153 929 4212 libidine
943 4172 1004 4212 cor·
1057 4167 1137 4220 rere,
1151 4164 1260 4222 quama
1281 4157 1307 4205 te
1326 4149 1507 4220 excogitatam
1527 4165 1581 4206 non
1601 4165 1662 4208 esse
1678 4152 1857 4212 manifestum

205 4257 305 4316 porum
316 4287 325 4314 ,
338 4259 388 4302 nee
408 4243 541 4302 delibero
554 4244 684 4312 arbitrio,
701 4258 752 4303 uec
762 4245 910 4304 desemine
922 4248 1005 4304 malc-
1057 4255 1110 4303 est.
1125 4243 1192 4302 Naar
1208 4259 1269 4301 cum
1284 4251 1346 4300 aute
1359 4242 1409 4299 bos
1423 4258 1507 4300 annes
1519 4259 1640 4302 essem
1654 4245 1825 4320 Camlrtmni,
1841 4263 1859 4304 a

207 4333 301 4403 dicto,
321 4347 372 4391 nec
386 4333 420 4391 de
444 4335 638 4392 inconvertibili
652 4335 773 4403 malitia,
798 4337 896 4394 nccde
909 4348 1005 4396 tratura
1058 4338 1175 4411 quodam
1197 4337 1264 4394 mibi
1289 4333 1426 4392 Honorato
1450 4335 1559 4393 nomine
1581 4336 1591 4370 ¹
1613 4338 1764 4396 necessario
1787 4345 1859 4409 tuo,

206 4427 288 4499 primi
301 4425 434 4497 bominis,
448 4441 501 4484 nee
512 4427 546 4484 dc
560 4428 751 4485 commixtione
768 4444 897 4498 manum,
911 4446 962 4487 nee
971 4430 1005 4488 de
1058 4427 1206 4486 Manicbmo
1219 4443 1313 4500 aeque,
1335 4427 1407 4484 sieut
1420 4427 1541 4498 epistolas
1561 4438 1657 4485 vestre
1672 4429 1808 4500 indicant,
1829 4431 1859 4488 id

205 4527 340 4592 potestate
352 4518 482 4577 diabolica
492 4519 662 4588 inhomines,
677 4519 771 4577 eadem
782 4537 841 4593 quae
852 4521 1002 4591 llanichaci,
1058 4523 1146 4594 ipsum
1161 4521 1326 4593 propesitum
1340 4529 1391 4577 est.
1407 4519 1489 4592 Cuius
1501 4519 1540 4578 rei
1553 4519 1586 4576 ad
1601 4518 1653 4577 boc
1668 4521 1860 4580 tantummodo

206 4613 299 4671 dicere
317 4628 480 4686 possumus;
501 4613 547 4686 qui
568 4612 636 4670 duas
648 4622 758 4672 naturas
777 4622 858 4687 atque
875 4614 1004 4672 aubstan-
1058 4616 1110 4676 ieci
1126 4617 1305 4684 mentionem,
1319 4624 1350 4671 ut
1363 4613 1477 4671 clareret
1496 4614 1566 4670 hanc
1584 4629 1645 4672 esse
1659 4614 1858 4686 questionem,

205 4706 276 4775 tias,
291 4720 373 4763 unam
382 4705 465 4776 boni,
481 4707 593 4764 alteram
608 4705 690 4780 mali,
705 4705 764 4764 sine
785 4707 861 4763 initio
875 4707 1004 4778 temporis
1058 4727 1120 4785 qum
1133 4719 1161 4769 et
1179 4711 1282 4768 Manem
1296 4719 1324 4768 et
1342 4708 1505 4766 Marcionem
1519 4717 1582 4766 ante
1600 4717 1641 4766 tot
1655 4711 1752 4767 secula
1765 4710 1855 4770 dece·

206 4795 396 4869 sempiternas,
411 4805 438 4854 et
449 4813 482 4855 ex
494 4799 610 4869 quodam
623 4797 699 4855 initio
707 4799 837 4870 temporis
844 4799 1004 4854 commixtas
1060 4804 1153 4875 pisset.
1168 4801 1213 4860 Sic
1231 4817 1295 4874 ergo
1315 4799 1435 4874 loqueris
1446 4807 1541 4857 centra
1555 4799 1606 4858 bne
1619 4800 1691 4872 quod
1710 4815 1760 4872 ego
1775 4800 1861 4859 dixe·

205 4905 270 4948 ease
290 4905 345 4946 non
367 4889 497 4958 dicimna;
521 4906 557 4948 ne
569 4892 581 4924 ⁸
594 4891 665 4948 inter
682 4892 767 4948 multa
786 4891 900 4948 absurda
923 4900 1004 4965 atquc
1059 4909 1129 4962 ram,
1142 4893 1170 4950 Si
1183 4901 1320 4964 peccatum
1334 4892 1360 4948 in
1375 4899 1508 4958 naturam,
1522 4889 1592 4946 mala
1606 4899 1700 4948 natura
1714 4906 1775 4964 qnae
1789 4907 1854 4962 pec

205 4996 306 5041 resana
315 5024 324 5053 ,
334 4982 416 5040 etiam
427 4983 476 5040 bei
494 4993 616 5042 naturam
627 4983 853 5056 coinquinabilem
868 4986 1004 5059 corrupti·
1060 4997 1149 5042 catum
1163 4984 1248 5040 lacit:
1265 5004 1274 5038 ι
1291 4983 1388 5054 Quaero
1404 4981 1438 5040 ab
1452 4981 1519 5052 illo,
1533 4981 1660 5054 sipotest
1673 4982 1860 5056 respondeat,

205 5073 345 5148 bilemque
367 5073 498 5132 dicamus.
520 5076 597 5146 Quod
616 5085 706 5133 autem
719 5091 764 5132 me
783 5075 1005 5135 solumalilrmas
1265 5135 1271 5148 ,

205 5166 299 5225 dicere
318 5167 404 5226 bonas
426 5168 552 5241 nuptias,
577 5183 705 5241 reamque
722 5176 847 5225 naturam
862 5187 869 5224 :
884 5176 914 5224 ιιι
936 5168 1005 5224 alios
1092 5136 1491 5262 :ffiff’ffimmbgfflfflm
1501 5197 1863 5261 mmmmm

1094 5263 1225 5324 ⁸sdtti,sr
1276 5259 1806 5326 ematrn.verimntss‚srmpteoetmtate.

236 5325 496 5390 ¹stertm.rnttgn.,
517 5327 608 5380 tenire
624 5324 879 5394 dicisquedtllettnt.
1092 5325 1225 5388 *luteo
1262 5323 1346 5390 'glqne
1397 5382 1403 5396 Ι

237 5391 248 5423 ¹
264 5390 366 5440 sieflss
378 5397 406 5438 tn
414 5390 495 5452 t'lgn„
509 5389 622 5454 denique.
1093 5389 1104 5422 ¹
1121 5386 1317 5458 milidunensis
1337 5385 1441 5438 batim
1457 5393 1490 5438 Ac
1510 5383 1584 5449 paulo
1599 5390 1662 5448 post,
1679 5383 1869 5452 ffltttepimoe

236 5451 332 5512 ⁸sdict,
345 5449 549 5503 mmnttsbeaem.
568 5454 679 5518 etpaulo
773 5451 868 5518 pictam
886 5449 1005 5504 latebras.
1061 5447 1282 5502 mercandisant.
1301 5447 1462 5498 emendantur
1479 5459 1511 5498 ex
1526 5449 1704 5512 manuscriptis.
1724 5453 1868 5504 ttenomtus

204 5513 490 5588 dtinbaprqremoque
498 5517 676 5588 metonomice
741 5521 1005 5580 temquenntsrmn.
1061 5511 1373 5588 porroamicnstugustini
1402 5509 1591 5583 qntuantetnaets
1612 5507 1865 5584 aliquandoinlraesia,

206 5576 247 5625 ttis
255 5583 281 5627 et
291 5573 344 5625 altis
355 5589 381 5626 ιιι
392 5583 439 5626 ista
446 5589 607 5640 responsione
619 5581 681 5631 lucis
692 5579 855 5630 emendantur
866 5578 896 5628 ad
907 5583 1008 5628 retmes
1062 5583 1203 5648 notisstmas
1211 5580 1251 5624 est
1259 5585 1291 5622 ex
1302 5547 1404 5646 libretis
1415 5571 1521 5624 dulttane
1531 5572 1685 5646 ‹redendlatl
1695 5583 1752 5622 enm
1757 5579 1866 5644 scripto.

206 5639 311 5688 cedices.
1062 5645 1130 5688 tinne
1145 5635 1322 5686 tultanussatts
1340 5633 1429 5684 rndrcnt
1446 5633 1561 5684 eunrdenr
1578 5648 1659 5700 rpsum
1671 5640 1867 5698 esse,qurtatr-
1904 5662 1909 5686 t

238 5699 249 5730 ‘·
265 5699 410 5762 nugatoriae,
421 5698 477 5751 ideo
485 5712 537 5753 esse
548 5704 701 5760 mmmmm.
723 5703 807 5767 abest,
825 5714 887 5765 esse,
898 5713 913 5753 a
923 5711 1009 5766 nmqu-
1063 5699 1164 5761 tbagine
1173 5697 1347 5761 questionibus
1365 5695 1446 5746 arnissis
1467 5696 1496 5746 ad
1519 5699 1686 5760 augustinum,
1707 5693 1773 5746 illam
1784 5695 1817 5746 ab
1829 5710 1869 5750 eo

204 5763 309 5826 scriptis.
1063 5770 1147 5811 conua
1159 5759 1299 5824 Pelagianos
1311 5760 1434 5818 eximiam,
1446 5772 1502 5822 quae
1513 5758 1545 5810 dc
1555 5759 1697 5811 Gratiaticri
1708 5765 1869 5812 'resumetur

238 5831 250 5854 ·
268 5823 414 5890 vignicrius,
425 5837 479 5876 aec.
492 5831 608 5889 ttss.,ne.
645 5871 654 5902 ι
973 5889 976 5897 ‚
1063 5822 1213 5883 inscribitur,
1225 5819 1352 5884 epistolam
1364 5819 1408 5871 tte
1419 5821 1520 5886 accepit.

967 5904 1022 5942 ,κ
1059 5908 1064 5918 ,
