4009 6375
238 319 310 386 ml

240 441 324 507 nisse,
336 449 416 510 quam
428 433 585 490 mesenam
598 427 826 502 praeuaricationis
837 426 964 496 antiqua.

277 532 347 587 Aac·
364 527 432 584 Cum
441 523 586 596 Apostolus
600 521 735 578 invenitur
748 534 804 575 nou
816 519 908 591 plures
921 515 1031 581 dixisse,

240 623 290 683 sed
299 620 407 688 multos,
424 620 483 676 tui¹
500 617 582 688 bujns
595 614 744 688 argumenti
758 610 881 668 machina
893 617 950 666 tota
966 607 1033 664 sub-

240 714 354 773 venitur
369 729 376 766 ε
391 710 513 783 quamuis
530 721 584 764 nou
598 704 650 763 soli
661 703 764 771 ludaei,
777 702 848 758 sicut
866 700 914 756 tibi
933 698 1032 770 placet,

240 805 290 865 sed
298 818 392 863 omnes
403 800 621 874 praevaricatores
629 813 690 855 esse
698 793 878 868 reperiantur,
890 791 937 864 qui
946 791 1034 862 legem

241 910 304 954 cum
325 895 384 970 ipso
404 892 549 964 Evangelio
572 887 748 960 praedmnm·
761 881 962 957 praevaricando
986 881 1035 936 da·

242 982 647 1056 mnabilioreslinntrqualibns
666 976 933 1053 mandatoribus,
954 973 1035 1029 simul

241 1078 426 1143 muteronis,
442 1077 479 1132 ita
498 1076 594 1146 plenus
613 1082 656 1130 est
669 1071 802 1138 mundus,
817 1078 847 1124 ut
867 1067 894 1122 in
916 1066 1034 1122 omnium

199 1183 213 1242 j
241 1171 441 1242 comparatione
454 1167 508 1223 sint
519 1166 606 1237 pauci,
617 1165 662 1236 qrri
674 1162 791 1235 pervadis
800 1174 906 1233 quoque
917 1157 1037 1230 baptiza·

199 1266 211 1299 ⁴
240 1264 277 1321 tis
293 1262 390 1319 additis
402 1261 564 1326 liberantur;
578 1257 650 1330 quod
664 1265 691 1312 et
706 1255 882 1327 responsione
898 1249 1036 1321 superiore

241 1351 443 1424 comprehendi.
463 1349 608 1408 Evidenter
631 1356 725 1404 contra
749 1360 799 1402 nos
819 1345 918 1399 elamat
938 1342 1036 1397 Doetnr

241 1443 379 1511 Gentium,
393 1440 467 1499 Sicut
476 1441 504 1496 t'n
517 1441 600 1495 Adam
613 1455 699 1495 omnes
708 1437 860 1503 moriuntur,
876 1434 912 1487 lte
923 1433 951 1487 in
962 1430 1037 1487 Cleri·

242 1544 281 1592 sto
301 1551 389 1590 omncs
406 1532 600 1602 vivificabuntur
613 1531 640 1602 (Ι
655 1529 715 1586 Gor.
728 1545 774 1603 xv,
785 1525 832 1600 Ἠ)
850 1545 857 1582 :
877 1526 924 1597 qui
942 1539 1037 1581 omnes

243 1643 299 1683 nou
314 1625 409 1697 pauci,
422 1625 470 1681 sed
482 1624 560 1682 multi
576 1634 650 1682 suut.
668 1623 709 1678 Ac
732 1636 779 1692 per
797 1619 865 1687 hoc,
881 1618 958 1674 multi
979 1632 1038 1674 ιηο-

240 1721 348 1776 riuntur
362 1720 387 1774 in
398 1718 495 1785 Adam,
507 1718 586 1774 multi
597 1714 801 1772 vivificabuntur
814 1713 841 1768 in
851 1711 972 1768 Christo:
988 1709 1037 1766 sed

240 1813 332 1884 plures
343 1812 494 1868 moriuntur
505 1811 533 1867 in
546 1809 644 1877 Adam,
658 1823 737 1879 quam
751 1807 779 1862 in
791 1805 899 1863 Christo
913 1802 1034 1860 vivitica-

241 1905 359 1961 buntur:
374 1903 560 1975 pluresitaque
568 1901 602 1958 ad
615 1901 685 1957 illius
698 1907 825 1966 mortem,
837 1897 873 1953 ad
882 1896 960 1967 buius
973 1910 1037 1951 vero

240 1995 334 2063 sitam,
347 1993 548 2066 comparatione
560 1993 666 2048 illorum
674 1990 811 2064 pertinent
825 1988 964 2059 pauciores
972 2001 981 2052 ;
989 1985 1038 2041 sed

240 2089 322 2144 etiam
341 2086 460 2157 ipsorum
474 2099 524 2157 per
535 2099 564 2141 se
582 2084 655 2154 ipsos
669 2098 701 2140 ea
720 2091 763 2139 est
780 2077 933 2146 multitudo,
957 2090 1038 2146 quam

240 2194 384 2237 numerare
406 2192 486 2234 nemo
500 2176 586 2248 possit
598 2178 609 2246 (
616 2175 697 2246 Apec.
709 2189 758 2241 ru,
769 2172 816 2244 9).
827 2167 896 2240 Quid
908 2177 950 2224 est
961 2182 1036 2238 ergo,

242 2269 337 2328 (luntas
356 2271 385 2325 in
401 2267 502 2326 Cbrbto
513 2266 717 2336 vivificabuntur,
735 2263 786 2319 uisi
800 2262 863 2334 quia
875 2274 956 2317 neruo
968 2258 1038 2315 nivi-

174 2381 179 2389 ’
241 2364 376 2431 beabitur,
385 2361 437 2418 nisi
448 2362 479 2417 in
489 2359 556 2416 iltot
565 2357 647 2429 Cujus
664 2357 705 2414 rel
720 2354 922 2412 similitudinem
935 2350 970 2409 de
979 2365 1038 2406 nta-

240 2457 325 2528 glstro
339 2457 417 2528 posui
433 2454 599 2518 litterarum
613 2451 635 2507 si
649 2465 719 2507 unus
732 2449 769 2507 sit
786 2447 941 2514 incivitate,
953 2461 969 2501 a
985 2459 1039 2517 qus

240 2547 280 2603 ibi
293 2546 416 2603 dicantur
429 2559 523 2602 omnes
536 2544 639 2599 litteras
651 2541 771 2608 discere,
791 2555 845 2596 uon
866 2541 927 2611 quia
943 2553 1039 2594 omues

240 2637 365 2706 diseunt,
380 2636 428 2693 sed
441 2637 501 2708 quia
514 2651 593 2692 nemo
604 2633 658 2691 nisi
681 2632 717 2688 ab
736 2633 794 2702 ipso
810 2631 865 2704 (lle
887 2629 994 2702 Nuptiis
1014 2638 1039 2684 et

241 2727 460 2801 Concupiscentia,
486 2728 531 2784 iil.
551 2728 580 2794 2,
590 2744 618 2782 η.
630 2723 689 2797 ts).
704 2723 789 2795 Quam
803 2721 968 2779 locutionem
987 2733 1039 2778 nec

241 2823 352 2880 tentasti
374 2821 507 2890 refellere,
525 2819 588 2892 quia
607 2818 698 2876 uidisti
719 2831 781 2875 esse
800 2815 996 2882 rmtbainan,
1012 2819 1040 2870 et

242 2915 368 2971 omnibus
378 2922 480 2970 notam.

281 3005 360 3066 CCX.
370 3005 430 3064 lou.
439 3005 569 3078 Exposita
577 3003 737 3062 liberalitate
747 3001 852 3074 gratiae,
861 3000 889 3056 in
899 2998 1038 3054 bominum

242 3101 404 3160 salvatorum
418 3100 496 3174 copia
505 3142 514 3168 ,
524 3108 664 3171 comparat
674 3095 775 3153 donum
785 3102 866 3165 atque
877 3100 1016 3164 peccatum
1029 3108 1036 3146 ε

242 3198 271 3247 et
280 3185 461 3249 eruditissime
474 3183 508 3243 ad
520 3183 628 3241 laudem
639 3181 722 3250 doni,
737 3179 853 3253 applicat
864 3175 935 3249 quod
948 3173 1039 3231 multis

243 3279 401 3338 vulneribus
420 3294 473 3335 una
493 3278 592 3333 virtute
612 3274 772 3339 medicetur,
793 3270 827 3327 Et
848 3287 900 3326 nen
913 3270 979 3324 sient
994 3284 1041 3341 per

242 3388 334 3442 amon,
349 3372 444 3442 inquit,
461 3379 600 3442 noemmin,
614 3368 652 3423 ito
663 3375 687 3423 et
700 3365 806 3421 donum.

278 3464 348 3520 Aue.
369 3461 421 3517 Per
436 3478 517 3517 ηηιηη
528 3469 682 3535 peccantem,
692 3457 761 3514 dixit
772 3474 780 3524 ;
793 3472 864 3524 non,
883 3455 936 3512 Per
955 3470 1040 3512 ununa

242 3564 382 3629 peccatum
396 3570 405 3611 a
418 3561 448 3610 ut
459 3552 530 3625 quod
539 3550 638 3609 deinde
646 3551 729 3615 dicit,
742 3547 876 3605 indiciam
887 3564 920 3603 en
931 3563 983 3604 ano
992 3548 1039 3603 de-

243 3648 304 3704 licto
317 3648 346 3703 in
360 3645 610 3712 condemnationem,
624 3644 732 3700 nonnisi
743 3642 817 3699 illius
829 3642 908 3699 unius
921 3656 1038 3713 peccam

244 3741 281 3798 tis
304 3739 357 3797 lroc
376 3739 504 3797 delictum
524 3737 610 3810 possit
622 3736 744 3808 intelligi.
759 3734 837 3804 Quod
861 3733 971 3806 quidem
990 3749 1040 3791 ros

244 3846 300 3888 non
317 3830 399 3886 vultis
423 3828 495 3886 :eod
516 3826 580 3899 quid
601 3827 696 3883 facturi
719 3827 802 3893 estis;
822 3825 1039 3897 quandoquidem

244 3922 299 3980 boe
311 3922 379 3980 dixit
391 3921 546 3993 Apostolus,
561 3920 641 3975 etiam
651 3916 805 3975 nolentibus
814 3915 907 3973 vobis?
920 3914 1039 3987 corrigi-

243 4013 313 4071 mini
324 4027 410 4085 ergo:
426 4027 480 4069 non
498 4012 571 4068 euim
585 4009 689 4066 habetis
702 4007 746 4064 bic
758 4006 851 4075 aliud,
866 4006 938 4078 quod
952 4006 1040 4064 lacero

244 4105 374 4165 debeatis.

280 4194 370 4255 dcxl.
385 4193 445 4252 lus..
462 4192 532 4249 Nam
539 4192 668 4265 judiciam
687 4206 719 4247 en
738 4206 790 4245 ηηη
807 4190 835 4245 in
850 4189 1040 4245 condemnatio·

244 4308 304 4349 nent
312 4306 323 4357 ,·
333 4290 416 4362 gratio
428 4296 512 4343 ouum
531 4302 563 4343 es
579 4283 665 4339 multis
684 4282 782 4337 delictis
794 4283 822 4337 in
831 4282 1041 4354 justificationem

246 4382 336 4457 (non.
352 4396 381 4451 u,
393 4378 464 4452 l6):
485 4376 582 4445 idest,
605 4382 713 4446 peccata
736 4371 843 4445 quidem
867 4388 928 4443 qna
948 4372 1040 4442 gravia

244 4484 317 4543 suut,
329 4473 410 4532 etiam
419 4471 521 4542 singula
533 4477 646 4541 possum
659 4466 784 4523 sullicere
793 4465 828 4521 ad
842 4465 1041 4521 accusationem

245 4578 274 4627 et
283 4566 504 4626 damnationem¹
515 4578 635 4620 reorum.
685 4594 700 4611 .

282 4663 353 4721 Ano.
372 4660 462 4729 Quare
472 4657 563 4714 dixisti
575 4655 677 4728 gravia,
692 4652 764 4725 quod
777 4668 831 4709 non
843 4650 911 4708 dixit
923 4650 1041 4723 Aposto-

244 4757 299 4825 lus,
319 4752 371 4809 nisi
382 4751 445 4824 quia
462 4748 572 4815 vidisti,
585 4748 608 4803 si
621 4761 704 4802 unum
718 4745 846 4801 delictum
858 4743 916 4799 lese
927 4742 971 4810 sit,
985 4757 1041 4798 non

245 4848 372 4908 sulficere
384 4835 418 4901 ad
437 4843 651 4907 damnationem,
665 4840 699 4897 de
714 4856 766 4913 qna
787 4837 963 4910 loquebatur?
980 4835 1041 4892 Non

246 4956 312 5013 ergo
325 4954 359 4996 ex
372 4950 540 5010 utrocumque
555 4949 608 4989 uno
621 4932 814 5004 cujuscumque
827 4929 926 4985 delicto
940 4928 1041 4984 esthon

243 5031 391 5106 ludicium3
405 5028 453 5085 sed
466 5044 499 5085 es
513 5041 566 5082 uno
576 5026 621 5081 illo
631 5024 740 5091 delicto,
750 5022 822 5093 quod
832 5022 979 5076 factumest
992 5033 1041 5088 per

245 5142 329 5183 unum
348 5131 513 5197 peccantem,
528 5119 617 5185 idest,
631 5117 727 5187 Adam,
738 5115 868 5187 judicium
884 5112 959 5167 estin
972 5126 1040 5167 eon·

245 5218 455 5277 decorationem.
469 5212 601 5270 Etadhuc
611 5218 766 5281 pervertere
779 5215 850 5262 reeta
867 5204 948 5261 rerba
965 5205 1040 5275 Apo-
1072 5242 1075 5249 .

243 5310 305 5366 stoli
321 5308 410 5375 vultis,
426 5321 460 5363 ne
475 5313 562 5362 vestra
572 5318 632 5375 qua
643 5313 769 5370 perversa
777 5308 840 5354 sunt
848 5294 1006 5367 corrigatis?

281 5397 565 5461 coarctandam
590 5406 680 5452 autem
706 5407 762 5448 non
782 5391 877 5449 eodem
903 5388 1041 5447 confertur

245 5493 337 5560 modo,
352 5501 380 5548 ut
397 5491 511 5564 pcccatis
530 5501 606 5559 aeque
626 5484 735 5542 admota
756 5482 866 5554 siugulis
887 5482 983 5542 erebro
995 5496 1041 5539 re-

244 5592 370 5656 petatur:
381 5580 525 5640 sedlnlusa
538 5578 622 5637 mmel
637 5592 691 5635 uno
702 5572 809 5633 uirtutis
819 5589 876 5632 sua
888 5574 1040 5647 impetunt·

243 5694 298 5751 pue
321 5675 481 5747 compendio
503 5674 611 5733 diuersa
637 5679 666 5730 et
688 5670 802 5745 plurima
822 5671 895 5731 delet
915 5670 1038 5730 crimina.

274 5786 906 5918 illlffmffidtsssemenmnm
1002 5834 1007 5844 '

583 310 707 372 OPERIS
724 306 931 368 tentassent
949 301 1086 364 CONTRA
1104 299 1285 370 titulatum,
1305 302 1334 360 S.
1354 300 1539 360 Adddsntm

1805 294 1878 359 l232

1086 419 1149 479 ldeo
1158 421 1207 491 alt,
1219 437 1252 478 es
1264 421 1350 478 maltis
1360 420 1457 478 delictis
1466 422 1494 476 in
1499 419 1707 494 justificationem
1719 437 1730 474 .·
1742 419 1831 489 idest,
1844 435 1879 480 ex

1085 513 1176 571 multis
1189 511 1293 571 delictis
1305 513 1433 570 liberatus
1452 513 1575 570 homines
1587 511 1620 570 ad
1631 509 1743 585 gloriam
1757 513 1880 584 perducit

1084 606 1280 678 justificationis
1298 606 1420 663 indultae.
1434 605 1492 663 Non
1505 621 1569 679 ergo
1582 605 1625 662 lric
1639 621 1719 662 nuum
1733 605 1800 662 Adae
1813 620 1879 678 pec·

1086 705 1186 770 catum,
1197 708 1227 756 ut
1238 699 1393 770 suspicaris,
1404 699 1541 770 intelligit,
1558 697 1608 754 sed
1620 697 1653 754 ad
1667 697 1816 754 bocsolum
1827 713 1881 754 nu·

1087 807 1189 850 merum
1204 792 1322 850 admonit
1337 793 1416 848 unius
1429 803 1457 850 et
1469 793 1594 864 plurium,
1611 791 1681 849 utad
1697 791 1805 849 laudem
1817 807 1881 864 gra-

1087 885 1132 941 tiae
1151 886 1312 958 respicerem
1326 887 1389 956 quia
1408 886 1590 955 nou¹qunties
1610 895 1748 956 peccatum
1762 885 1797 942 ab
1813 901 1882 942 rmo-

1087 992 1192 1048 quoque
1205 977 1357 1034 mortalium
1371 975 1466 1042 luerat,
1482 976 1560 1033 toties
1572 975 1652 1034 etiam
1666 979 1882 1048 frequentaretur

1087 1071 1182 1142 gratis,
1193 1071 1268 1142 quasi
1284 1069 1442 1142 baptismata
1462 1070 1564 1142 singula
1576 1070 1628 1126 nisi
1640 1073 1758 1142 peccatis
1769 1072 1882 1144 singulis

1088 1178 1142 1219 non
1158 1164 1260 1234 possint
1274 1163 1386 1218 mederi.

1124 1258 1193 1314 Aue.
1204 1255 1244 1312 lta
1256 1255 1308 1312 boc
1318 1257 1446 1328 loqueris,
1457 1257 1532 1327 quasi
1544 1257 1641 1313 dixerit
1649 1258 1805 1329 Apostolus,
1814 1256 1884 1314 Gra-

1088 1347 1126 1404 tia
1138 1355 1226 1402 autem
1243 1347 1327 1404 semel
1340 1363 1374 1402 en
1386 1346 1477 1404 multis
1489 1346 1594 1404 delictis
1605 1348 1633 1404 in
1650 1348 1881 1419 justificationem.

1088 1437 1147 1496 Non
1161 1438 1292 1520 hoedinis
1304 1437 1431 1496 :attende
1454 1440 1525 1511 quod
1545 1440 1625 1510 dixit,
1647 1449 1674 1498 et
1689 1441 1795 1514 corrige
1809 1441 1883 1514 quod

1088 1529 1189 1587 dixisti.
1206 1529 1304 1598 Gentio,
1318 1532 1413 1603 inquit,
1428 1548 1460 1586 en
1474 1532 1559 1588 necitis
1571 1532 1704 1589 delictisa'n
1716 1534 1884 1608 justificatio-

1089 1639 1157 1678 nem.
1171 1621 1239 1692 Quid
1254 1623 1307 1680 huc
1320 1624 1445 1694 pertinet,
1461 1624 1532 1694 quod
1546 1625 1629 1681 sentel
1643 1635 1672 1682 et
1684 1625 1763 1683 simul
1778 1627 1886 1682 unicui-

1089 1730 1142 1786 que
1155 1715 1243 1771 omnia
1257 1715 1426 1772 dimittuntur
1447 1716 1475 1772 in
1497 1715 1652 1788 Bnptismoi
1670 1717 1765 1776 Nonne
1786 1729 1815 1776 et
1838 1720 1885 1776 illa

1091 1807 1289 1874 condemnatio,
1304 1807 1428 1880 adquam
1440 1808 1572 1880 judicium
1584 1809 1708 1881 perducit
1720 1821 1885 1881 extremum,

1089 1899 1181 1969 procul
1191 1895 1273 1956 dubio
1282 1900 1366 1954 semel
1379 1899 1420 1968 lit,
1432 1899 1550 1956 omnium
1564 1916 1623 1970 quae
1636 1901 1748 1958 remissa
1761 1917 1815 1958 non
1824 1901 1886 1960 lue·

1090 1991 1144 2047 rint
1171 1991 1360 2062 peecatorumi
1383 1991 1418 2046 Et
1439 1993 1523 2064 magis
1547 1992 1605 2064 ipsa
1626 1992 1762 2050 damnatio
1788 1995 1885 2061 semel,

1089 2097 1170 2154 quam
1181 2083 1304 2141 remissio
1317 2094 1487 2156 pcccatorrun
1502 2099 1550 2156 por
1561 2085 1674 2156 gratiaru
1684 2085 1784 2144 Christi
1799 2090 1886 2145 semel

1090 2173 1130 2229 lit.
1145 2173 1277 2244 Quoniam
1292 2175 1315 2232 si
1329 2184 1390 2248 post
1403 2175 1567 2248 baptismum
1590 2178 1704 2250 quisque
1721 2180 1883 2249 peccauerit,

1090 2283 1145 2324 non
1159 2268 1252 2324 eadem
1275 2279 1338 2325 sunt
1356 2269 1544 2341 peccata;sed
1563 2286 1611 2342 per
1633 2269 1754 2328 eamdem
1771 2273 1888 2343 gratiam

1090 2360 1262 2431 peccantibus
1272 2362 1462 2431 remittuntur;
1474 2377 1528 2418 non
1538 2362 1634 2432 semel,
1649 2378 1700 2420 nec
1713 2362 1822 2434 septies,
1838 2363 1889 2420 sed

1090 2453 1172 2509 etiam
1193 2454 1344 2526 septuagies
1365 2454 1464 2526 septies
1486 2453 1593 2522 (dotti.
1616 2471 1697 2526 stru,
1712 2454 1769 2528 22).
1782 2455 1889 2514 Eadem

1090 2545 1175 2616 gratia
1194 2545 1312 2616 quotidie
1333 2545 1444 2602 dimittit
1467 2547 1605 2604 orantibus
1624 2549 1705 2604 etiam
1729 2548 1887 2621 quotidiana

1091 2644 1209 2706 peccata,
1224 2651 1285 2692 cum
1303 2635 1415 2706 dicunt,
1431 2637 1536 2693 Dimitte
1547 2637 1618 2694 aeolis
1630 2637 1712 2694 debite
1724 2649 1830 2706 nostres
1842 2655 1889 2697 re·

1091 2727 1189 2784 molter
1201 2727 1339 2796 addentes,
1355 2730 1420 2785 sicut
1434 2737 1457 2784 et
1468 2747 1513 2787 nos
1521 2730 1670 2786 dimittimus
1678 2729 1830 2788 debitoribus
1840 2749 1889 2788 no-

1090 2823 1150 2877 stris
1164 2821 1220 2892 (ld.
1235 2838 1276 2889 m,
1290 2821 1350 2894 ld).
1366 2822 1457 2879 Gratia
1470 2838 1535 2896 ergo
1546 2839 1580 2880 es
1600 2823 1691 2880 multis
1704 2824 1890 2892 delictissimi

1091 2917 1194 2987 singula
1212 2917 1238 2972 in
1259 2907 1381 2990 singdis,
1396 2917 1452 2974 sire
1465 2918 1492 2974 iu
1506 2918 1664 2990 quibusdum
1680 2934 1774 2991 pauca,
1788 2919 1816 2978 in
1826 2920 1890 2991 qui·

1090 3007 1203 3064 busdam
1213 3009 1327 3082 plurima
1338 3010 1482 3078 inuenerit,
1494 3011 1552 3068 sive
1561 3027 1621 3082 quae
1633 3022 1695 3068 anm
1707 3012 1888 3086 Baptismum,

1090 3101 1148 3156 sive
1157 3117 1217 3173 qum
1231 3111 1322 3172 postea
1332 3103 1547 3172 committuntur,
1558 3112 1586 3160 et
1596 3105 1760 3176 paenitendo,
1770 3106 1888 3176 orando,

1091 3196 1277 3269 eleemosynas
1288 3196 1377 3254 dando
1391 3207 1531 3265 sanantur,
1547 3197 1805 3269 injustificatiouem
1820 3200 1889 3256 mit-

1092 3288 1134 3356 tit,
1154 3302 1221 3365 quos
1239 3304 1256 3345 a
1276 3288 1449 3345 damnatione
1470 3288 1565 3346 liberat
1585 3307 1592 3343 :
1613 3288 1671 3345 baec
1692 3290 1763 3347 eninr
1782 3291 1888 3359 omnia,

1091 3380 1148 3451 ipsa
1159 3383 1325 3451 summula,
1348 3383 1500 3455 exquibus
1527 3383 1618 3440 multis
1638 3383 1765 3455 justitient
1788 3385 1888 3457 gratia.

1090 3472 1156 3544 Qua
1168 3474 1191 3529 si
1202 3489 1255 3531 uon
1268 3474 1418 3543 subveniat,
1434 3475 1552 3545 prolecto
1566 3476 1647 3532 etiam
1661 3492 1694 3533 ex
1707 3492 1760 3533 uno
1773 3476 1889 3547 delicto,

1091 3580 1146 3622 non
1158 3565 1230 3638 qraod
1241 3566 1379 3638 proprium
1391 3567 1505 3639 qadsque
1517 3567 1669 3635 committit,
1679 3566 1731 3625 lroe
1741 3566 1814 3624 enlm
1826 3568 1891 3625 loco

1091 3671 1147 3713 nou
1160 3655 1223 3712 inde
1236 3656 1396 3729 loquebatur
1409 3656 1564 3729 Apostolus,
1580 3657 1627 3714 scd
1643 3656 1714 3729 quod
1733 3674 1781 3730 per
1802 3674 1891 3716 unrrm

1092 3758 1248 3821 peccantem
1260 3748 1373 3806 intravit
1383 3749 1410 3806 in
1421 3749 1562 3819 mundum,
1573 3749 1627 3806 itur
1636 3751 1664 3807 in
1673 3750 1890 3819 damnationem

1092 3840 1144 3898 boe
1164 3843 1236 3898 enim
1253 3842 1399 3915 Apostolus
1419 3842 1620 3901 evidentissime
1634 3845 1776 3915 expressit.
1793 3843 1892 3916 Neque

1092 3934 1164 3990 eninr
1184 3934 1221 3989 ait
1234 3934 1303 3991 sicut
1323 3943 1360 4002 tu,
1386 3933 1445 3991 Non
1465 3934 1534 3991 sieut
1554 3950 1602 4007 per
1623 3951 1706 3992 unum
1724 3944 1889 4006 peccatum;

1092 4032 1219 4097 tauquam
1232 4025 1365 4097 singulum
1377 4026 1508 4098 cujusque
1519 4026 1614 4085 nolens
1629 4028 1740 4101 intelligi
1753 4046 1759 4081 :
1770 4027 1821 4085 sed
1837 4028 1890 4097 ait,

1093 4114 1155 4174 Non
1164 4117 1229 4172 sieut
1241 4134 1286 4190 per
1299 4134 1379 4173 annm
1390 4128 1544 4190 peccantem.
1557 4119 1639 4192 Aperi
1654 4121 1756 4187 oculos,
1769 4128 1797 4177 ct
1809 4120 1891 4192 lege;

1094 4207 1184 4264 etnoli
1198 4217 1324 4280 anquam
1337 4210 1415 4267 cacis
1427 4208 1498 4267 aliud
1513 4226 1562 4282 pro
1574 4210 1626 4267 alio
1641 4211 1710 4267 velle
1723 4226 1891 4283 supponere.

1128 4299 1240 4358 ccxlii.
1262 4301 1323 4359 lus.
1342 4302 1396 4359 Sed
1418 4303 1470 4360 ltoc
1492 4304 1596 4361 curavit
1622 4305 1772 4377 exprimere
1788 4307 1892 4374 :Cu1n,

1093 4396 1190 4469 lnquit,
1203 4407 1313 4469 peccata
1327 4398 1431 4470 singula
1444 4413 1506 4455 reos
1519 4414 1583 4455 suos
1595 4400 1729 4455 lethaliter
1740 4398 1893 4457 vulneras-

1092 4499 1163 4553 sent,
1176 4489 1405 4547 innumerabiliter
1417 4490 1556 4548 confossos
1576 4491 1698 4549 homines
1721 4492 1780 4549 Aac
1801 4496 1894 4564 gratia

1093 4583 1221 4657 singulari
1232 4592 1259 4641 et
1272 4585 1355 4640 semel
1370 4582 1466 4640 tmdita
1479 4586 1578 4641 virtute
1590 4585 1713 4643 salvavit.

1127 4677 1195 4734 Auo.
1211 4675 1264 4732 Per
1275 4693 1353 4732 enum
1367 4686 1521 4750 peccantem,
1533 4677 1617 4745 ditit;
1630 4679 1673 4737 ubi
1688 4678 1773 4735 Adam
1787 4680 1896 4738 intelli-

1092 4769 1163 4840 gitur
1177 4788 1184 4823 :
1199 4783 1253 4824 non
1265 4784 1312 4839 per
1324 4784 1407 4825 unum
1419 4779 1569 4839 peccatum,
1583 4770 1628 4827 ubi
1639 4779 1667 4827 tu
1677 4773 1772 4827 'verbo
1785 4782 1895 4831 mutato

1093 4868 1172 4934 atque
1186 4860 1334 4931 supposito,
1351 4863 1391 4917 vis
1402 4861 1513 4935 intelligi
1528 4864 1633 4935 singula
1650 4864 1831 4937 singulorum.

1129 4952 1242 5011 ccxlv.
1254 4952 1313 5009 lun.
1330 4952 1360 5009 si
1379 4955 1446 5010 enim
1457 4956 1487 5010 ob
1501 4957 1576 5011 attius
1586 4956 1705 5011 delictam
1717 4973 1785 5030 ntors
1795 4974 1897 5029 regno-

1092 5049 1290 5120 miserantem·
1306 5047 1386 5103 aranlto
1405 5048 1486 5121 nangis
1504 5049 1548 5117 qni
1565 5048 1748 5105 abundantiam
1759 5051 1853 5121 gratiae
1869 5060 1897 5107 et

1093 5138 1188 5196 donam
1204 5139 1312 5209 justitiae
1323 5139 1461 5209 occipiunt,
1474 5141 1501 5195 in
1515 5140 1566 5193 aito
1583 5140 1724 5211 reparabunt
1742 5156 1787 5211 per
1807 5158 1897 5197 nnnnt

1092 5234 1180 5289 lesam
1192 5230 1319 5287 Claristnm
1331 5230 1420 5303 (Rern.
1429 5248 1457 5301 v,
1471 5232 1528 5305 li).
1541 5232 1823 5305 consequenterquod
1834 5250 1897 5291 eoe-

1093 5326 1132 5397 pit
1142 5324 1257 5381 allirmat
1268 5341 1274 5377 :
1286 5324 1352 5381 duas
1366 5325 1437 5381 enim
1447 5324 1536 5395 posuit
1549 5327 1708 5393 sententias,
1722 5324 1831 5396 utrique
1842 5343 1897 5383 vo-

1093 5418 1152 5475 lens
1165 5418 1309 5475 convenire
1319 5416 1389 5490 quod
1402 5418 1430 5475 in
1442 5418 1711 5491 linesubjunxit.Per
1720 5434 1804 5477 unum
1814 5422 1896 5479 cuim

1093 5509 1138 5586 qui
1152 5510 1202 5568 luit
1218 5509 1305 5568 lorma
1316 5511 1428 5583 peccati,
1444 5518 1473 5567 et
1486 5510 1514 5567 in
1527 5510 1605 5583 cujus
1625 5510 1801 5568 similitudine
1814 5528 1896 5583 prae-

1092 5604 1245 5681 varicantur
1268 5602 1318 5660 sub
1341 5602 1400 5675 lege
1424 5610 1577 5675 peccantes,
1600 5602 1754 5675 pronuntiat
1771 5616 1898 5675 regnare

1124 5716 1461 5793 ¹flreln'editlse1ta'dettl
1478 5716 1715 5783 matinensis,
1731 5725 1848 5782 qtae&
1865 5719 1899 5777 i!

1093 5786 1267 5843 meresarpae
1477 5830 1479 5837 ,

1126 5845 1313 5911 ’musanen
1855 5852 1859 5862 ·
