4009 6375
255 382 326 455 iffi
584 384 718 451 ‚bertus
737 380 944 451 tttbsttl'bt'tt
962 379 1099 451 CONTRA
1119 392 1299 464 tustanus,
1319 396 1347 453 S.
1368 394 1551 453 auodsttst
1827 394 1894 461 ibttl

1587 508 1870 527 —ss--hm

693 598 701 631 ··
769 581 1009 691 steen
1054 506 1582 691 sensus*

281 739 549 811 mediterraneum
558 745 679 815 emnam
688 744 846 796 immutas
854 752 983 797 masena
992 746 1117 811 nupsere
1128 746 1246 797 caueam
1333 746 1395 799 ubre
1404 747 1513 799 menam
1527 747 1560 799 ue
1571 750 1663 815 nuptis
1678 757 1704 803 et
1713 757 1892 815 mannassen·

251 810 296 871 ris,
306 810 387 873 capite
398 810 525 871 trigesimo
536 818 632 875 quarto,
650 816 771 859 assertum
781 814 828 866 est,
837 806 906 869 prbni
917 806 1022 858 banaiae
1033 816 1133 871 peccato
1144 814 1253 856 naturam
1288 820 1398 858 amanam
1415 808 1492 859 fuisse
1504 810 1529 860 in
1539 810 1651 861 deterius
1660 818 1841 873 oomtnutatam,
1859 818 1892 867 ita

252 879 281 923 ut
292 882 341 921 non
351 869 430 921 sddtn
440 868 502 921 fleta
511 870 544 921 sit
555 868 688 933 poecstrlr,
700 869 746 919 sed
761 868 835 918 etldrn
852 870 968 930 gennem
977 868 1097 933 de'neeps
1114 876 1265 933 penetres
1276 870 1354 920 tilteri
1371 872 1455 921 arbitri
1475 872 1550 931 vires,
1566 872 1655 937 qtu'bus
1671 875 1776 937 integris
1792 882 1892 937 poteret

252 932 335 992 borno,
347 938 453 1005 streete
463 945 550 1005 aseae,
560 945 617 1003 nrm
627 928 714 991 vellet,
726 940 930 1004 et'ttoupenmre,
941 932 962 981 si
975 885 1063 991 noilet,
1075 930 1196 993 peooeudo
1230 992 1235 1001 ι
1247 992 1253 1003 ¹
1274 931 1409 1005 perdidisse
1417 933 1510 1005 docet:
1524 932 1589 985 illurn
1599 942 1683 985 autem
1694 949 1793 999 prorsus
1805 936 1895 1001 impro-

251 992 469 1067 batdeiimttnnem
479 992 607 1051 libertatus,
619 1004 675 1067 qum
758 991 911 1103 mmmmm
928 992 960 1041 ab
970 993 1109 1044 adversario
1119 990 1193 1065 solet,
1202 1003 1236 1041 scr
1247 998 1304 1049 acet,
1317 994 1462 1045 rossrbtbtas
1473 994 1587 1059 peccandi
1599 1002 1624 1047 et
1635 1008 1683 1047 non
1701 998 1825 1059 peccandi,
1844 1005 1893 1047 etc.

250 1058 352 1107 normes
361 1051 555 1119 mamertina,
567 1051 692 1117 malensis
737 1066 779 1125 ee,¹
860 1058 897 1126 es,
908 1060 1061 1129 oetmnsqne
1073 1053 1208 1123 mortattnn
1219 1064 1340 1105 mannes
1352 1058 1437 1116 probat
1453 1068 1537 1117 penas
1553 1068 1611 1109 esse
1629 1059 1802 1121 premes-sed
1819 1060 1897 1122 ipsam

249 1115 367 1181 impunis
378 1122 480 1166 mortem
488 1116 611 1179 {moelem
621 1128 680 1166 esse
691 1115 791 1175 bomini,
801 1117 844 1179 qul
854 1115 1015 1167 aedtrtnttus
1025 1116 1148 1169 nstitueu
1159 1118 1248 1173 tumet,
1259 1120 1287 1165 ut
1297 1116 1343 1167 nisi
1355 1123 1477 1179 peccasse
1488 1130 1536 1169 non
1548 1126 1694 1172 moreretur.
1704 1126 1815 1173 neena
1826 1126 1897 1184 parte

249 1172 306 1227 ibri
318 1176 495 1241 expositionem
505 1179 530 1228 in
542 1176 601 1227 illud
612 1175 715 1239 Apostoli
727 1182 736 1224 t
746 1183 798 1226 ror.
810 1189 850 1237 xr,
864 1174 903 1235 22,
912 1172 976 1226 siret
986 1174 1013 1227 in
1021 1176 1097 1228 Admrt
1107 1188 1188 1227 omnes
1198 1174 1341 1233 moriuntur.
1355 1184 1381 1228 ct
1395 1178 1420 1228 in
1438 1179 1566 1242 sequentia
1578 1180 1687 1243 ejusdem
1700 1180 1867 1245 mpltfsdirta,
1883 1194 1897 1233 a

250 1236 346 1289 iuliano
357 1238 474 1301 prolatam
485 1238 603 1301 expendit
614 1247 641 1288 et
651 1237 751 1288 refellit.
762 1238 870 1287 tandem
881 1248 925 1300 per
936 1244 1014 1287 totum
1025 1236 1079 1290 fere
1088 1237 1175 1289 mum
1284 1237 1427 1290 munituna
1437 1240 1470 1289 de
1480 1241 1593 1303 originali
1603 1243 1672 1302 riuo,
1752 1242 1898 1295 lnlhttoetl

250 1300 404 1351 mmmmm
414 1301 528 1351 heresim
538 1301 638 1351 nauem
648 1300 741 1363 ubique
752 1300 862 1358 enbitttr,
872 1312 924 1351 non
934 1300 1005 1351 modo
1015 1302 1105 1353 abesse
1117 1298 1217 1369 longeva
1246 1298 1287 1349 illa
1297 1300 1395 1360 heresi,
1406 1301 1534 1353 sedetiam
1542 1302 1656 1357 bseresim
1667 1306 1671 1314 '
1742 1305 1895 1357 desuem

250 1373 399 1425 nunqunma
410 1357 545 1427 rebglnms
556 1374 627 1425 posse
639 1360 685 1411 nist
697 1358 808 1412 catholici
818 1360 894 1425 ipsius
905 1361 1025 1425 dogmatis
1033 1360 1124 1413 analio
1133 1366 1159 1411 et
1171 1358 1322 1423 professione
1332 1364 1451 1427 superari.

966 1464 1179 1525 simis

284 1569 307 1625 ln
320 1567 528 1628 deessesllon
541 1567 781 1641 diibitoejusmodi
803 1567 958 1640 opinionon
979 1565 1045 1622 bac·
1098 1561 1371 1637 ndrersusspiritum,
1385 1566 1524 1625 libidinem
1537 1570 1651 1641 ponitis;
1664 1578 1692 1627 et
1705 1584 1755 1627 nos
1776 1571 1821 1643 qni
1834 1588 1896 1629 cam

250 1669 329 1719 tenus
347 1678 428 1734 super
439 1669 531 1719 nostro
542 1660 625 1717 luisse
637 1659 796 1728 conamine,
815 1667 847 1715 ut
862 1658 898 1717 ad
919 1656 1047 1730 quastio—
1098 1656 1613 1729 tanquamaduersarinmritiumcontra
1625 1664 1833 1733 concupiscente
1844 1664 1898 1735 spi·

249 1766 313 1823 tem
328 1752 472 1809 inuolutam
486 1753 580 1824 rtaaqis,
599 1763 680 1822 quarn
694 1750 729 1807 nd
741 1740 1004 1821 summamspriela're
1015 1746 1047 1802 lt-
1098 1744 1151 1804 ritu
1161 1746 1335 1817 debellamus,
1351 1750 1449 1813 clausis
1460 1751 1546 1809 oeulis
1564 1754 1695 1811 accusatis
1707 1754 1779 1811 reiut
1789 1756 1895 1813 amicos

248 1844 292 1901 dei
306 1844 470 1901 crederetur.
485 1843 580 1899 Procul
591 1843 690 1915 quippo
700 1842 736 1899 ab
749 1842 843 1900 studiis
861 1839 1046 1912 spiritualibus
1098 1838 1240 1911 voluptatis
1249 1848 1276 1895 ct
1284 1840 1394 1897 luxuria
1404 1859 1411 1911 ;
1422 1841 1449 1898 in
1457 1857 1537 1917 quant
1547 1846 1635 1901 nullus
1646 1842 1775 1919 flagitiose
1789 1861 1821 1903 ac
1835 1856 1894 1903 tur*

248 1935 391 2007 egitanien,
404 1934 489 1991 solts¹
503 1934 581 1991 brnen
593 1934 695 1991 aurulis
706 1940 929 2000 commoventem
943 1930 1043 2003 tempti
1098 1928 1167 2001 pitcr
1189 1930 1270 1999 cadit,
1293 1932 1344 1989 nisi
1358 1934 1404 2005 qui
1422 1942 1518 1989 vestrm
1531 1934 1568 1991 illl
1587 1946 1729 2005 suscepte,
1740 1950 1819 2007 quam
1845 1952 1896 1993 nos

248 2043 362 2102 rumque
374 2026 546 2085 iurntidnntes
557 2026 694 2091 invidiam,
704 2040 754 2083 nec
764 2034 911 2097 comperte
924 2024 1046 2083 intutis
1097 2022 1244 2094 matrinas,
1255 2038 1302 2081 ros
1312 2023 1465 2095 defenditis,
1477 2018 1811 2103 sollicitantisuudontique
1820 2044 1890 2087 cou-

250 2121 407 2194 prnsidium
424 2127 545 2177 tenentes
557 2118 662 2195 (ntimo
682 2120 712 2176 in
730 2118 810 2177 rebus
832 2117 954 2190 trepidis,
978 2116 1045 2173 nulli
1097 2112 1190 2171 sentit.

248 2215 339 2273 mines
350 2226 430 2288 quam
442 2214 495 2271 sibi
504 2214 621 2271 credltm
631 2213 655 2285 ),
668 2212 820 2278 tutbrsiter,
830 2210 903 2283 quod
917 2209 1046 2282 frequen·
1132 2201 1243 2261 liius·
1252 2203 1351 2262 Verum
1365 2205 1426 2278 quia
1441 2216 1468 2263 et
1479 2207 1505 2264 in
1520 2207 1605 2278 primo
1618 2216 1645 2265 et
1657 2208 1818 2281 inpraesenti
1834 2226 1896 2267 eer-

251 2305 317 2373 puq
335 2305 513 2361 ,phimum
1099 2295 1219 2365 tamine,
1242 2299 1472 2369 argumentatione
1491 2294 1632 2373 Augustini
1650 2302 1745 2375 claruit
1764 2319 1817 2360 non
1832 2315 1898 2361 esso

282 2397 464 2453 incurrans.
478 2395 517 2451 Eo
527 2392 691 2463 fremontius
703 2400 747 2448 est
766 2390 819 2447 iter
836 2398 971 2461 nosram,
990 2404 1046 2461 quo
1097 2402 1158 2443 eum
1173 2388 1401 2449 Traducianorum
1415 2391 1520 2461 bourn.
1540 2409 1619 2466 quem
1634 2394 1776 2451 Christiani
1787 2396 1894 2467 justum

248 2485 476 2558 satiquim;quln
493 2484 655 2539 catbolicum
672 2490 864 2541 ostzrcstrun
884 2490 950 2540 rere
970 2486 1046 2537 tatatti
1097 2488 1179 2553 atque
1188 2482 1308 2537 omnium
1319 2481 1486 2539 conditorem
1496 2484 1648 2541 corrciuonti
1658 2484 1806 2545 assertione
1817 2504 1900 2547 vene

249 2576 341 2633 minus
353 2574 490 2647 frequens,
502 2573 696 2646 quantomagis
707 2572 953 2643 uorlbdm'tquia
962 2570 1046 2631 bern·
1097 2576 1211 2636 ramur:
1233 2574 1362 2647 praccipio
1383 2576 1391 2609 ¹
1409 2576 1465 2647 jam
1478 2576 1577 2643 animo,
1601 2582 1654 2648 qun'
1674 2576 1781 2647 plurimi
1799 2582 1898 2637 eorum

251 2666 343 2723 trenna
1097 2671 1213 2733 qunque,
1226 2664 1272 2735 qul
1285 2679 1357 2722 ceco
1371 2680 1462 2723 errore
1475 2666 1543 2739 tapsi
1557 2674 1630 2731 sunt.
1644 2666 1687 2723 bis
1699 2668 1794 2741 agnitis
1805 2669 1898 2726 corri-

284 2755 440 2814 fidantiae
454 2752 1045 2827 runampresnattnraaunnbusescaasts
1097 2740 1203 2823 panius.

246 2845 466 2918 acciditzqniaet
480 2834 615 2903 sententin‘
630 2843 884 2903 llanicbaeorumde
901 2844 1044 2901 critarbrutn
1134 2846 1203 2903 duo.
1224 2844 1281 2903 lano
1300 2861 1374 2915 rero,
1390 2844 1432 2903 bis
1446 2848 1554 2919 agnitis,
1574 2852 1634 2921 qum
1650 2855 1695 2907 tuo
1715 2834 1803 2907 falisci
1818 2850 1899 2907 ranis

247 2938 291 2997 esi
303 2938 415 3011 probata
427 2938 548 2995 consiliis
560 2937 590 3005 ⁸,
604 2945 634 2994 et
644 2937 740 2994 excite
754 2936 969 3007 persecutionum
983 2949 1046 3006 pro·
1097 2934 1187 3008 ioquin
1208 2936 1356 2994 secundum
1379 2939 1499 2997 venietis
1518 2938 1713 3011 respondemus
1735 2939 1898 3012 eloquium,

248 3028 324 3087 celle
336 3030 431 3099 inopes
439 3028 576 3101 spiritura
588 3026 707 3084 veritatis
721 3024 813 3083 lavore
823 3024 973 3083 deessent.
1097 3026 1232 3083 tteminem
1246 3026 1272 3082 in
1284 3043 1376 3085 errore
1389 3026 1499 3086 heresis
1509 3039 1605 3087 resen
1615 3028 1668 3087 nisi
1678 3028 1759 3086 nimie
1769 3032 1899 3089 secordia

283 3123 352 3181 buo.
373 3120 515 3192 Quomodo
537 3129 581 3177 est
599 3121 650 3177 iter
667 3118 834 3192 frequentius
852 3118 887 3175 de
909 3118 1043 3177 sententia
1098 3116 1141 3173 uel
1157 3117 1305 3190 peruicacia
1317 3117 1457 3175 detinebit.

245 3214 464 3285 llardcbaeorent,
474 3224 536 3272 cum
547 3215 602 3271 sint
611 3211 757 3271 admodum
769 3211 843 3268 rarii
855 3211 1046 3284 autquomodn
1136 3206 1167 3263 V.
1186 3203 1247 3264 lut.
1267 3205 1358 3266 Credit
1371 3209 1469 3282 quippe
1490 3207 1630 3267 advorsum
1646 3225 1697 3267 nos
1710 3209 1897 3282 Manichacus,

166 3377 179 3390 ,
252 3309 469 3383 persecutionem
482 3308 656 3380 proteritate
667 3304 800 3380 patimini,
820 3305 868 3378 qui
887 3303 1046 3362 subtrahitis
1098 3299 1253 3356 naturaliter
1269 3299 1396 3358 mortales
1408 3301 1435 3356 in
1447 3301 1544 3374 llaqitia
1558 3300 1729 3374 facinoraque
1748 3305 1897 3376 compelli:

246 3401 375 3474 μηηιω
385 3398 540 3458 &tamaii
1098 3393 1224 3466 opinatur
1243 3392 1414 3450 tenebrarum
1436 3393 1565 3465 originem
1585 3402 1613 3450 et
1633 3392 1790 3466 corporibus
1810 3406 1900 3452 mate·

283 3490 328 3548 ltt.
338 3492 397 3550 lut..
408 3487 928 3563 raniqttarerrataptauenasaleaser
938 3487 1045 3560 panon,
1101 3479 1169 3538 riam
1189 3490 1217 3538 et
1233 3479 1390 3538 criminibus
1409 3482 1567 3556 prestitisse
1580 3498 1588 3551 ;
1603 3483 1765 3556 voluptatem
1782 3497 1900 3542 aexrtutn

248 3583 292 3642 rel
302 3583 447 3651 monensi
455 3581 783 3652 cirri,reiseenoepopulis
792 3580 918 3638 comitata
929 3578 1045 3647 luxuria,
1099 3573 1187 3631 tabern
1198 3575 1208 3608 ¹
1219 3589 1279 3632 esse
1292 3573 1400 3646 pencris
1412 3573 1532 3645 bomani,
1545 3575 1714 3632 assertricem
1724 3575 1793 3648 juris
1806 3577 1901 3634 diabo-

188 3677 192 3685 '
247 3673 540 3733 ambiensinomnibus
559 3671 667 3745 llaqitiis
681 3669 828 3728 obtendere
845 3669 1044 3737 nenessitatem,
1098 3663 1159 3733 tici,
1181 3676 1208 3723 et
1229 3666 1256 3722 in
1276 3667 1399 3722 uniuersa
1413 3665 1545 3722 dedecora
1565 3665 1703 3722 bominum
1723 3667 1899 3724 carentena.

248 3783 300 3842 qua
312 3767 448 3825 commissi
463 3764 562 3822 invidia
576 3779 684 3836 semper
693 3763 808 3832 levatur,
819 3771 847 3818 ot
855 3760 976 3834 fraqores
991 3775 1044 3816 sre-
1097 3755 1183 3825 Quem
1197 3755 1380 3812 Trnducianus
1399 3753 1568 3813 omnifariam
1583 3769 1708 3824 secutus,
1723 3757 1820 3830 quippe
1838 3759 1900 3828 eius

251 3860 305 3919 culi
317 3858 539 3931 prevaricatione
547 3857 632 3913 uitare
648 3873 656 3912 z
670 3869 702 3912 ea
716 3869 781 3926 erqo
792 3863 864 3920 sunt,
876 3867 937 3924 quac
958 3851 1043 3908 romi·
1099 3845 1185 3902 lta-res
1196 3855 1224 3903 et
1236 3845 1352 3915 soboles,
1368 3847 1497 3904 naturalia
1511 3847 1634 3925 minutias,
1648 3858 1775 3904 cetemam
1787 3847 1845 3905 ⁸de
1859 3859 1900 3906 ten

252 3953 376 4010 „potem
388 3950 490 4008 paq-,qum
499 3950 625 4008 qnam-pm
635 3947 829 4020 defensionem,
839 3945 879 4001 Ex
889 3960 943 4018 qno
953 3953 1044 4002 tamea
1098 3937 1213 3994 ncbroso
1227 3937 1310 3992 nibiio
1320 3938 1382 3994 mali
1395 3937 1592 4006 necessitatem,
1609 3947 1637 3994 rt
1649 3937 1818 3996 affectionem
1832 3955 1900 3997 son·

255 4045 409 4116 rulqopnrs
420 4043 548 4110 maxima,
563 4036 1046 4112 utpraelatussum,Traducinniset
1097 4029 1172 4086 sibus
1200 4027 1357 4086 destinatam
1386 4038 1539 4087 sanctorum
1571 4033 1690 4085 uranium
1724 4031 1898 4103 pollutricem

251 4134 560 4193 &ppoqqcpqqqqqeppq
571 4133 688 4188 „ponpa
697 4130 812 4188 matuta
824 4143 984 4186 consonare,
1097 4130 1178 4192 atque
1194 4121 1336 4193 imnqbrem
1358 4119 1404 4178 Dei
1425 4122 1452 4176 in
1471 4137 1556 4194 repno
1575 4120 1675 4181 diaboli
1696 4122 1898 4194 collocantem,

288 4230 356 4285 Aue.
368 4225 573 4284 innumerabilis
592 4223 734 4280 multitudo
749 4223 878 4286 bdelium,
902 4236 963 4292 que
982 4235 1046 4291 pros
1097 4213 1219 4267 oratione
1240 4212 1379 4285 multiplici
1402 4222 1522 4269 testatur.

249 4319 332 4378 missa
344 4327 387 4374 est
405 4317 520 4374 Abrabae
534 4313 546 4390 (
559 4313 623 4370 Gen.
643 4329 708 4380 sxta,
729 4313 762 4368 ll
774 4312 803 4385 ),
824 4311 902 4384 quasi
925 4325 942 4366 a
969 4309 1047 4366 robis
1133 4308 1200 4363 lun.
1220 4305 1382 4364 blaaaicbceus
1395 4316 1518 4362 patrnam
1535 4307 1597 4363 mnll
1612 4301 1825 4365 substantialiter
1840 4309 1900 4367 Deo

249 4411 367 4486 rebaris
390 4410 466 4466 turba
485 4407 685 4466 mntentnitur:
707 4406 768 4478 qaia
793 4403 913 4460 ridelicet
941 4403 1044 4474 paucis,
1098 4399 1168 4455 bono
1178 4406 1350 4466 coartabant,
1365 4409 1457 4453 contra
1471 4397 1630 4455 catholicam
1644 4399 1784 4455 veritatem
1798 4401 1900 4472 singu·

248 4500 545 4575 ascomannorum
552 4496 720 4564 cst,rencnis
732 4495 840 4553 uoritire
850 4495 1046 4577 pestisinsanns
1097 4490 1145 4547 ieri
1160 4490 1266 4562 sesannia
1281 4489 1412 4548 intitulatur
1427 4509 1434 4546 ι
1447 4491 1546 4547 ceritas
1557 4501 1647 4550 nutem
1661 4491 1793 4550 catitnlics
1807 4493 1898 4550 bean

249 4590 347 4659 inditis,
357 4591 561 4664 potestplacero
573 4587 644 4662 quod
654 4587 814 4656 dicitis,tam
826 4585 979 4643 evidentem
992 4587 1045 4642 nata
1097 4583 1184 4638 sultano
1198 4582 1256 4638 sine
1271 4582 1324 4637 ullo
1338 4582 1449 4639 exordio
1465 4583 1607 4664 confltetur
1620 4595 1769 4649 aternam:
1784 4601 1838 4640 nun
1854 4603 1901 4642 so·

251 4684 350 4743 uerna
362 4683 467 4756 reeens
480 4681 673 4752 humanique
684 4688 797 4752 apparet
809 4679 837 4735 in
851 4679 925 4750 praui
934 4679 1000 4752 jnqo
1013 4679 1045 4734 fr-
1098 4672 1272 4746 lumbarium,
1283 4672 1354 4744 qnod
1369 4683 1396 4730 et
1405 4673 1449 4728 iile
1458 4672 1536 4742 dicit,
1548 4689 1640 4730 rerum
1650 4675 1730 4730 etiarn
1742 4675 1901 4731 intantriabi-

250 4775 347 4835 liorem
363 4773 480 4830 bdanna
501 4772 547 4830 die
565 4773 653 4828 exitus
672 4770 706 4826 de
720 4778 816 4826 uentre
838 4771 931 4825 matris
950 4786 1045 4826 eorum
1098 4765 1162 4835 lem,
1181 4766 1253 4838 quod
1273 4765 1317 4822 ille
1337 4782 1390 4822 non
1412 4766 1485 4824 dicit.
1509 4767 1584 4823 llunc
1602 4775 1667 4838 erpo
1688 4767 1770 4822 Deum
1788 4783 1901 4824 sutntnc

250 4865 353 4940 (Eccli.
365 4880 409 4932 mn
422 4865 433 4919 l
445 4862 468 4938 ),
480 4863 513 4921 de
523 4863 623 4934 pcccati
632 4861 831 4932 interito,quoln
842 4860 1046 4930 lrnntineprimo
1097 4856 1215 4925 mitent,
1234 4865 1261 4913 et
1274 4857 1309 4912 ob
1328 4855 1379 4914 itnc
1396 4857 1505 4913 omnino
1526 4857 1738 4928 immutabilem,
1759 4857 1802 4915 cul
1817 4859 1898 4914 nulla

249 4962 345 5014 natura
355 4952 471 5010 bumaria
487 4953 578 5010 vitiata
598 4961 649 5018 est,
664 4966 718 5008 non
730 4951 832 5008 vestire.
848 4943 927 5007 ilndc
941 4965 989 5006 ros
1002 4963 1046 5008 se·
1098 4953 1192 5004 tantam
1208 4963 1341 5005 eonnoerna
1356 4957 1407 5018 est,
1423 4963 1482 5020 quan
1497 4963 1550 5005 non
1564 4949 1688 5022 estquod
1703 4953 1770 5020 lpse.
1785 4963 1836 5006 nec
1853 4965 1900 5006 es·

249 5039 352 5108 quillis,
364 5037 422 5094 uisi
436 5051 516 5094 tterrto
529 5035 812 5108 pomcrtssel,oogantini
825 5034 905 5091 etiem
917 5032 1008 5090 dicere
1017 5033 1045 5090 in
1097 5050 1139 5099 set
1153 5041 1204 5096 nisi
1219 5038 1287 5095 iacta
1300 5049 1384 5104 esset,
1399 5055 1453 5096 nnn
1467 5038 1502 5098 de
1514 5040 1588 5112 ipso,
1604 5040 1651 5096 sed
1665 5048 1753 5096 famen
1767 5041 1801 5098 ab
1815 5041 1898 5112 ipso,-

249 5129 373 5206 paradiso
383 5129 469 5186 futura
481 5129 561 5185 fauisse
573 5129 718 5186 aanrtsolum
731 5135 800 5184 rotet
810 5131 883 5182 laram
894 5142 975 5182 onera
987 5133 1046 5183 nio·
1097 5129 1148 5186 boc
1160 5141 1211 5198 est.
1225 5145 1278 5186 non
1291 5129 1323 5186 de
1335 5137 1429 5188 natura
1442 5129 1509 5201 ejus,
1525 5129 1571 5186 sed
1585 5129 1702 5201 potentia
1716 5140 1804 5186 tamen
1818 5131 1897 5202 rjais,

250 5217 400 5288 iestiarum,
411 5235 478 5293 qens
491 5218 613 5278 ardema
624 5219 748 5292 parrulos
759 5219 831 5274 ferre
842 5234 850 5285 ;
861 5232 953 5273 rorum
964 5219 1044 5275 etiem
1096 5221 1223 5278 aduersus
1235 5220 1438 5278 llatbcbaeorum
1451 5221 1613 5278 dementiam
1631 5221 1807 5294 praedicamus
1819 5241 1828 5279 r
1841 5223 1901 5279 taes

251 5322 291 5370 tot
303 5323 331 5370 ot
349 5322 422 5372 lanta
438 5314 501 5370 uitia
512 5313 680 5384 ingeniorum
695 5321 723 5367 et
738 5324 896 5383 corporum,
909 5327 970 5367 cum
983 5311 1044 5384 qui·
1097 5323 1204 5386 tamquo
1218 5324 1352 5383 naturnrn,
1365 5330 1425 5387 quae
1440 5315 1511 5370 nialla
1524 5329 1585 5371 esse
1601 5315 1741 5386 potuisset,-
1757 5315 1806 5370 nisi
1819 5329 1899 5382 eant,

249 5399 301 5464 bas
314 5405 437 5479 plerique
451 5416 607 5462 nascuntur.
622 5403 652 5460 ln
665 5419 718 5475 quo
741 5400 877 5460 felicitatis
895 5412 924 5460 et
946 5403 1045 5476 quietis
1096 5405 1220 5478 quamris
1237 5420 1289 5461 non
1307 5403 1341 5463 de
1357 5421 1386 5462 se
1401 5405 1475 5478 ipsa,
1498 5415 1585 5462 manen
1605 5407 1776 5479 omnipotens
1796 5416 1899 5464 natans

250 5492 311 5554 idco
327 5498 409 5553 etiam
418 5504 569 5566 susceptam
583 5503 711 5562 rostram,
731 5511 783 5568 qua
804 5511 867 5552 caro
879 5495 1044 5568 coacaapiseit
1097 5496 1221 5567 fecisset,
1237 5497 1336 5555 bonum
1350 5513 1411 5556 esse
1424 5497 1531 5571 quidem
1546 5497 1646 5557 scimus
1658 5508 1684 5556 et
1698 5497 1828 5568 dicimus,
1845 5500 1899 5556 sed

283 5668 602 5736 transmarinam
1128 5671 1299 5735 ¹ttigaicrius,
1313 5669 1427 5736 percipio.

283 5732 295 5765 ¹
310 5733 387 5782 codex
399 5741 471 5792 emt,
481 5745 576 5784 nmmo.
1127 5735 1138 5765 ¹
1154 5735 1190 5781 sic
1203 5742 1254 5782 uss.
1267 5739 1291 5781 tn
1303 5733 1433 5796 tignierio.
1445 5731 1524 5782 trient.

285 5793 296 5825 ¹
310 5793 477 5854 nerninem.
489 5796 556 5854 trit,
568 5808 593 5856 p.
606 5793 659 5852 itt,
678 5795 714 5844 slc
724 5793 787 5857 trab
796 5793 861 5842 bunc
875 5792 971 5863 locum:
983 5793 1045 5854 puin
1124 5795 1139 5856 ,⁸
1153 5796 1190 5842 sic
1201 5801 1240 5842 lts.
1254 5801 1384 5846 mutatu.
1406 5795 1447 5844 ulii
1468 5805 1527 5845 reru
1549 5805 1604 5844 cum
1616 5793 1696 5854 oditis,
1714 5791 1889 5844 nmunliocrl

254 5853 599 5908 manumiserimus
610 5853 1001 5911 arnmanernanancoaatus
1014 5863 1042 5908 nt.
1095 5867 1161 5906 nmtn
1170 5863 1262 5904 stenae
