4009 6375
252 360 322 431 meo

857 360 1056 431 anecdotos
1068 366 1158 431 PARS
1176 369 1293 430 natata.

1828 377 1903 444 lesa

245 494 292 543 ,εει
304 486 330 540 in
344 482 451 541 christo
467 482 532 543 iesu
549 482 661 543 Domino
674 493 778 554 nostro,
793 486 827 544 de
843 490 926 559 gratia
940 496 967 545 ct
979 486 1048 545 libo-
1100 494 1155 544 tuna
1169 488 1253 545 voluit
1271 489 1407 560 donando,
1429 489 1502 563 quod
1524 492 1608 552 uoluit
1631 490 1681 554 lari
1693 499 1817 570 permisit
1832 520 1841 572 ;
1871 512 1902 561 ct

252 566 282 615 ro
293 556 631 615 arbitriodictasuldciant.
646 557 703 616 imo
711 560 812 631 gratias
825 559 890 627 lico,
903 559 948 632 qui
960 574 1045 631 quan·

1098 560 1234 616 ubicolult
1245 561 1398 632 tacendum,
1413 562 1510 636 linguae
1519 569 1664 625 terminum
1678 571 1777 642 posuit.

256 696 1902 735 f--w—-Q-

747 793 986 905 LIBER
1028 792 1413 923 QUARTUS.

815 988 901 1032 contra
911 987 1024 1046 quartum
1034 979 1122 1045 dogma
1133 981 1324 1047 eelagtauorunc

954 1107 1192 1163 *MONS*

278 1240 392 1298 catum
410 1236 552 1296 entaldtl.
566 1267 602 1278 -
613 1236 638 1291 l.
668 1234 734 1293 Ιιειιι
753 1234 837 1303 aiunt,
855 1233 998 1289 Libidinem
1009 1235 1038 1289 in

246 1314 347 1369 duritiae
359 1313 474 1367 naturale
485 1326 537 1365 erec
560 1308 663 1375 dannan,
677 1323 723 1361 nec
746 1308 772 1361 in
787 1322 815 1361 eo
839 1306 971 1375 essequod
987 1315 1037 1375 qta-

244 1385 312 1439 daat.
334 1381 535 1453 Respondemus
550 1396 557 1435 :
575 1378 669 1435 Libido
680 1394 734 1434 non
749 1386 790 1433 est
804 1375 924 1432 naturale
937 1376 1036 1432 boarum

245 1458 272 1512 in
297 1455 457 1521 imminilms,
482 1451 529 1508 sed
556 1465 605 1521 per
621 1456 759 1521 peccatam
783 1446 1035 1518 primorumhomi·

244 1544 307 1583 aum
328 1525 453 1582 accidens
474 1523 582 1587 malum
598 1532 679 1591 atque
697 1518 850 1592 pudendum
864 1536 871 1572 :
887 1519 963 1588 cuius
980 1532 1036 1574 non

244 1598 316 1655 licus
339 1602 496 1660 auctorest,
516 1592 565 1649 sed
585 1592 715 1648 diabolus.
739 1590 814 1659 Quod
830 1602 878 1643 vos
901 1597 1034 1657 errantes,

243 1678 272 1726 et
283 1670 349 1723 alios
373 1668 398 1723 in
421 1680 541 1723 errorem
556 1664 703 1729 mittentes,
728 1661 787 1717 ideo
800 1659 920 1717 naturale
934 1660 1035 1715 bonnm

242 1754 303 1796 esso
315 1738 412 1803 dicitis,
421 1736 572 1809 quiaileum
583 1736 665 1805 pestis
677 1732 755 1803 lartius
763 1738 898 1786 auctorem
913 1730 1033 1799 creditis,

242 1826 296 1867 non
309 1810 454 1865 diabolum.
473 1806 559 1862 Omne
570 1806 653 1869 enirn,
668 1803 738 1874 quod
757 1812 851 1857 natura
868 1802 966 1856 bannum
981 1812 1032 1869 cst,

242 1882 313 1937 Dens
340 1880 590 1935 summebnnusex
612 1876 696 1930 nilrilo
723 1873 795 1940 lecit,
820 1886 873 1927 uon
899 1871 1032 1928 diabolus.

241 1952 394 2008 Nusautem
419 1950 555 2005 libidinem
570 1960 623 2002 non
642 1944 762 2000 naturale
783 1944 893 2011 bonarum,
919 1940 967 1998 sed
986 1957 1035 1998 aa·

243 2024 329 2079 animle
350 2036 411 2078 esse
433 2019 531 2075 malum
555 2017 667 2073 dicimus
684 2014 880 2085 credimusque.
909 2013 1034 2070 Naturale

240 2104 329 2151 autem
350 2094 448 2148 malum
481 2091 519 2144 sic
547 2088 681 2154 dicimus,
703 2102 755 2141 non
789 2086 849 2156 quia
875 2083 909 2139 sit
931 2092 1033 2141 nature

241 2168 298 2223 lieo
310 2166 406 2236 opifice
417 2161 597 2232 congenitum,
612 2158 658 2215 sed
673 2157 743 2228 quod
764 2172 780 2211 a
795 2163 921 2225 peccante
938 2164 1032 2211 natura

241 2237 376 2292 tranrsicrit
397 2236 422 2289 in
447 2232 620 2301 peccatricem
643 2240 775 2294 naturam,
790 2227 815 2283 id
839 2233 890 2289 est,
900 2226 969 2297 quod
998 2227 1034 2281 sit

240 2317 343 2363 nature
366 2305 502 2377 peccantis
526 2302 630 2365 uitium,
655 2314 708 2355 non
734 2300 790 2369 ipsa
815 2305 920 2353 narcara.
947 2297 1033 2352 Omne

241 2380 312 2433 enim
327 2381 426 2432 malurn
441 2383 534 2429 natura
556 2388 608 2427 nou
622 2380 673 2435 cst,
688 2368 734 2425 sed
748 2376 823 2423 aetus
842 2367 968 2425 accidens
981 2368 1031 2423 de-

238 2449 310 2506 lectu
324 2449 395 2504 boni.
418 2446 595 2511 Quamobrem
617 2441 688 2512 quod
710 2450 804 2495 natura
829 2448 944 2503 nonest,
962 2439 1031 2495 Deus

240 2536 294 2575 nau
308 2519 379 2583 lecit,
394 2518 454 2587 quia
473 2524 567 2569 natura
580 2522 620 2567 est
637 2526 717 2568 ornae
740 2508 811 2582 quod
831 2510 899 2567 lecit.
917 2509 973 2565 lloc
985 2524 1031 2564 cr·

239 2590 352 2661 gomalo
363 2590 388 2643 in
402 2587 497 2651 adam,
513 2586 558 2656 qui
584 2583 653 2638 rnale
672 2582 772 2638 bertram
798 2581 917 2637 illicitum
931 2594 1031 2636 eoncu-

239 2662 314 2731 pinit,
330 2659 434 2725 utdixi,
451 2657 565 2711 lrnnrana
579 2664 672 2709 natura
684 2662 726 2711 est
740 2652 841 2719 vitiata,
858 2652 929 2735 quod
942 2652 1031 2707 omnis

240 2732 321 2787 trahit
337 2746 371 2786 cx
385 2728 488 2785 semine
498 2736 586 2781 nactus.
602 2726 655 2781 Sed
671 2724 781 2779 forsitan
795 2737 894 2793 queris
907 2738 975 2779 ame
989 2722 1031 2777 di·

239 2816 323 2858 cens:
340 2797 558 2866 Quenredotodnat
572 2797 653 2865 potnit
673 2796 769 2849 orclem
783 2794 915 2862 serpentis,
931 2793 978 2847 doc
992 2800 1030 2847 est

238 2872 342 2938 maioli,
357 2872 384 2925 in
398 2870 491 2925 donum
504 2868 726 2924 dominiatrunsire
737 2865 858 2920 nataae?
876 2864 1004 2919 Ausculta
1021 2881 1028 2919 :

240 2943 378 3013 Serpentis
400 2954 590 3009 nonnunquam
613 2936 819 2994 venenatollatu
845 2936 979 2991 nominem
1000 2941 1029 2990 et

237 3014 306 3071 mori
321 3014 446 3069 trovinrrrs
456 3012 557 3075 statim,
574 3017 601 3065 et
614 3018 642 3063 ut
655 3009 723 3063 mori
733 3008 815 3077 possit
829 3007 946 3076 grauiter
963 3020 1030 3075 per-

237 3084 336 3157 urgeri.
362 3084 529 3153 Quapropter
557 3080 710 3150 interrogo,
734 3077 876 3148 responde,
893 3076 1029 3147 quomodo

236 3164 325 3284 potest
337 3155 431 3212 alienae
443 3162 544 3208 naturae
556 3151 630 3207 airus
643 3149 725 3206 llatilc
735 3148 857 3205 humanae
869 3148 909 3204 sie
927 3162 1029 3219 praeua-

245 3243 291 3284 ere
302 3235 415 3294 nature,
431 3232 459 3280 ut
473 3237 567 3280 omnes
581 3232 655 3278 artus
666 3221 724 3292 ejus
739 3221 803 3275 llatu
822 3218 960 3276 mortifero
974 3218 1029 3274 lar·

235 3300 288 3354 ciat
300 3299 321 3365 ²,
333 3307 362 3353 ut
369 3297 478 3352 sitalem
503 3294 593 3349 datram
607 3309 641 3349 ειι
652 3308 683 3348 ea
698 3300 776 3362 cogat
788 3291 884 3347 exire?
898 3289 1027 3347 Setinum

235 3375 297 3440 quta
310 3369 376 3424 nihii
387 3365 578 3424 dictumseris.
592 3365 705 3420 Peccata
716 3364 787 3418 enim
800 3361 957 3434 protoplasti
973 3376 1027 3417 non

235 3439 323 3496 credis
336 3439 460 3494 miseram
484 3437 578 3492 lactant
603 3451 664 3490 esse
683 3435 826 3488 humanam
852 3439 976 3487 naturam
997 3439 1028 3489 et

236 3511 387 3572 mortalem,
399 3508 471 3564 ualde
489 3514 577 3578 potest
588 3505 705 3576 qualibet
722 3503 859 3559 accidente
873 3503 1027 3558 inllrmitate

237 3581 315 3638 ieciie
328 3576 443 3650 deprimi
457 3579 499 3634 uel
521 3575 616 3634 occidi.
635 3573 704 3631 audi
717 3589 781 3645 ergo
796 3593 802 3628 :
818 3575 893 3631 Sicut
920 3573 1026 3628 nuncin

235 3659 376 3724 peccatore
388 3649 520 3722 serpentis
531 3647 594 3702 llatu
608 3645 735 3716 pestilera
746 3660 878 3701 venenum
886 3642 1024 3714 infligitur,

234 3733 262 3779 et
276 3738 324 3795 per
340 3722 404 3778 iliad
418 3720 486 3775 mori
499 3718 678 3788 compellitur,
692 3729 720 3772 ει
741 3732 754 3769 a
769 3717 865 3781 liarso,
880 3715 906 3770 id
931 3723 972 3770 εει
982 3715 1025 3769 in·

233 3803 381 3859 caramtore,
399 3794 535 3862 inspectas
548 3789 684 3844 alllatitius
695 3788 815 3853 dieitnr;
836 3787 897 3857 quia
913 3800 1025 3856 serpens

233 3866 318 3929 illum,
329 3865 425 3935 inquit,
440 3861 556 3928 alllavit;
571 3870 598 3916 ει
607 3859 696 3916 ειειίιιι
711 3875 760 3929 pro
780 3860 866 3915 salute
876 3857 934 3928 eius
950 3865 1027 3926 parat

233 3936 455 4006 antidotumque
466 3933 550 4004 possit
562 3947 692 3988 venenum
706 3945 833 4000 superare
849 3947 860 3989 c
872 3929 907 3983 ita
919 3937 982 3984 tune
994 3928 1023 3983 in

233 4015 361 4078 peccante
371 4005 468 4068 Adam,
482 4018 543 4059 cunr
557 4005 684 4072 serpenti,
702 4002 752 4058 laec
761 4012 801 4058 cst
811 3999 928 4064 diabolo,
940 4001 1025 4070 magis

233 4076 377 4142 suadenti,
399 4091 477 4146 quam
504 4075 560 4129 lieo
582 4073 759 4145 praemonenti
783 4087 818 4127 ne
838 4070 947 4135 laceret,
962 4085 1024 4126 sese

234 4150 356 4203 incautus
369 4146 554 4216 praebuissem,
567 4153 705 4200 avertente
721 4157 751 4197 se
768 4144 803 4199 ab
813 4141 858 4197 illo
872 4141 941 4197 irato
956 4141 1023 4207 Deo,

234 4217 379 4276 iraudileru
391 4218 453 4271 llatu
463 4229 596 4271 venenosa
610 4221 637 4269 ει
662 4211 800 4269 mortifera
825 4213 907 4267 libido
921 4211 1023 4268 inllieta

231 4300 274 4345 est
286 4289 309 4355 ⁸,
325 4298 399 4344 tanto
421 4301 482 4343 eura
507 4285 634 4356 deinceps
659 4283 812 4355 opprimens
832 4283 980 4350 dominatu,
994 4291 1025 4338 ut

233 4360 314 4417 ειὶειιι
339 4373 451 4430 peecare
474 4357 622 4421 nolentem,
645 4355 713 4411 sicut
737 4369 870 4410 venenum
896 4353 1023 4408 tranitad

231 4439 355 4496 mortem,
371 4444 491 4514 peceare,
509 4429 534 4483 id
556 4436 599 4483 est
624 4428 723 4482 rnalum
737 4426 818 4489 nelle,
843 4423 967 4480 incitaret
979 4425 1022 4479 in-

232 4504 327 4559 vitum.
349 4501 417 4557 ilinc
442 4508 577 4572 peccator,
599 4498 662 4553 irinc
678 4499 784 4552 vitiatus
809 4494 1024 4566 vitiosusquela·

230 4583 289 4630 etus
303 4582 331 4628 et
342 4572 487 4638 dictusest,
500 4571 561 4626 laiac
571 4570 745 4640 privationem
760 4569 855 4624 meruit
868 4567 939 4622 uite.
954 4565 1025 4621 Gon·

232 4654 272 4700 tra
286 4644 336 4700 Ιιοε
352 4654 511 4700 venenatum
526 4643 623 4696 rnalum
633 4639 828 4710 nepraeualeat,
841 4636 1022 4694 misericordia

232 4716 392 4786 inspiciente
410 4713 488 4777 neit,
503 4713 663 4776 rentedium,
688 4711 774 4766 idest
799 4709 958 4772 antidotum,
974 4723 1024 4780 per

230 4785 323 4843 iesum
331 4785 467 4840 Christum
487 4783 584 4840 donata
611 4791 652 4838 εει
675 4782 770 4852 gratia,
794 4781 929 4836 neomrris
942 4781 1024 4835 horrao

1090 1236 1276 1321 cognoscimus
1282 1240 1451 1321 etvidemus;
1463 1242 1534 1312 quod
1545 1246 1651 1315 penitus
1669 1250 1895 1326 necillicpocuts·

1090 1320 1199 1400 setgncc
1212 1311 1265 1375 ine,
1272 1324 1295 1364 ει
1308 1320 1401 1367 natura
1411 1316 1676 1387 nostraineulpabllis
1684 1330 1893 1391 permansisset.

1125 1380 1238 1435 caede
1258 1380 1567 1465 il.-2.·Quaerendum
1591 1400 1633 1445 est
1654 1394 1744 1462 igitur,
1766 1413 1816 1454 eut·
1836 1400 1894 1459 icoc
1974 1450 1978 1457 .

1090 1452 1199 1533 malam,
1213 1452 1312 1535 dequo
1339 1462 1437 1524 agatur,
1455 1456 1536 1512 libido
1559 1460 1674 1517 dicator.
1698 1464 1764 1522 Sine
1779 1468 1892 1528 dubioa

1089 1522 1331 1587 labendo,1desta
1353 1525 1439 1587 libitu,
1457 1542 1505 1597 per
1522 1529 1714 1591 derivationem
1738 1538 1821 1596 libido
1834 1552 1886 1600 εει

1088 1601 1250 1663 nrtncupata.
1260 1594 1314 1649 Sed
1329 1595 1369 1649 ais
1392 1596 1455 1650 milri
1471 1616 1477 1651 ε
1493 1597 1561 1671 Ergo
1574 1618 1649 1658 corne
1658 1609 1727 1675 qaod
1739 1608 1809 1677 lieet,
1823 1611 1891 1668 ttet-

1087 1663 1122 1718 do
1133 1668 1190 1719 esti
1201 1664 1361 1734 Respondeo
1374 1666 1448 1750 :Non
1464 1682 1544 1726 omne
1552 1674 1623 1743 qrrad
1639 1674 1712 1744 libet,
1724 1677 1807 1737 libido
1821 1694 1888 1740 est·

1087 1736 1135 1818 spe
1150 1750 1230 1791 omae
1243 1737 1313 1805 qam
1328 1738 1397 1793 :aare
1412 1738 1493 1806 ιιιει,
1514 1742 1658 1800 laetanea.
1673 1747 1701 1802 m
1726 1748 1796 1805 oona
1811 1728 1888 1810 eueni

1087 1804 1163 1861 libitu
1176 1806 1258 1891 liuida
1271 1806 1323 1862 dici
1349 1824 1400 1863 non
1415 1819 1513 1881 potest,
1528 1814 1576 1868 sed
1603 1819 1734 1887 volutatae,
1750 1821 1786 1877 de
1798 1825 1888 1881 ratio-

1086 1891 1133 1960 ¹3⁰.
1144 1878 1249 1933 scilicet
1274 1878 1371 1934 mentis
1394 1884 1521 1938 naturalis
1534 1887 1667 1942 exoriens.
1683 1891 1711 1945 lu
1727 1894 1800 1948 malo
1816 1911 1889 1953 vero

1087 1946 1163 2003 llbllu
1188 1962 1241 2031 non
1268 1950 1392 2005 noluntas
1409 1959 1459 2017 est,
1483 1954 1531 2009 sen
1554 1959 1686 2028 voluptas,
1710 1978 1790 2033 quam
1817 1965 1888 2023 iecit

1087 2020 1291 2101 transgrediens·
1315 2022 1453 2093 rotoplasti
1466 2025 1589 2083 uoluntas
1604 2046 1611 2082 :
1624 2044 1686 2085 cunr
1707 2035 1812 2091 scilicet
1826 2038 1885 2093 illi-

1086 2098 1168 2146 cttum
1183 2092 1252 2146 male
1276 2094 1293 2145 1ι
1314 2093 1353 2146 uit
1377 2094 1506 2151 suadente
1535 2108 1672 2169 serpente,
1699 2106 1774 2175 eujus
1796 2108 1883 2166 sibilo

1085 2168 1271 2245 venenosam
1281 2178 1360 2231 snpra
1372 2164 1428 2234 jam
1438 2164 1504 2233 dixi,
1515 2166 1586 2224 Ιιιιιιε
1598 2174 1719 2228 ιιιοε1ιιιιιι
1729 2193 1809 2247 quem
1825 2194 1885 2237 non

1086 2231 1252 2315 imbuttante
1275 2235 1380 2316 crrlqmm
1404 2236 1463 2299 eius
1489 2239 1646 2310 delinquens
1660 2255 1752 2302 natura
1775 2264 1883 2307 conce·

1084 2313 1133 2428 pa,
1148 2314 1175 2359 et
1190 2318 1238 2387 per
1250 2312 1349 2388 conum
1361 2308 1494 2363 senainmn
1519 2314 1685 2369 ιιειιειιιῑείιι
1699 2316 1726 2371 ιιι
1742 2328 1882 2389 posteros.

1094 2383 1182 2460 'aetus
1196 2390 1265 2429 carina
1288 2390 1388 2443 primos
1404 2380 1525 2435 irotniues
1538 2383 1639 2454 ansqrrc
1663 2386 1778 2443 libidinis
1790 2393 1870 2447 malo

1084 2444 1221 2515 Scriptura
1242 2454 1333 2503 sancta
1346 2455 1467 2515 ιεειειιιι,
1492 2466 1552 2506 eum
1564 2453 1629 2509 dicit
1645 2475 1652 2511 :
1666 2454 1701 2510 Et
1719 2470 1791 2514 erant
1801 2435 1883 2519 aneo

1083 2516 1156 2604 nudi,
1181 2517 1262 2597 delam
1286 2525 1310 2571 et
1334 2517 1425 2573 rnalier
1447 2524 1513 2589 rins,
1536 2534 1560 2576 et
1582 2541 1633 2579 aon
1656 2532 1883 2600 corrfnrrdedantur

1083 2585 1094 2651 (
1106 2586 1171 2670 den.
1182 2588 1256 2653 usti)
1268 2585 1289 2661 ).
1303 2588 1372 2654 Quid
1384 2598 1435 2653 est,
1449 2608 1501 2645 non
1518 2595 1760 2663 conscindebantur?
1781 2603 1867 2661 idest

1083 2658 1163 2741 niellus
1181 2660 1214 2713 ad
1229 2659 1401 2728 peccandum,
1416 2661 1486 2715 sicut
1505 2667 1615 2735 contigit
1638 2682 1699 2739 post
1722 2649 1877 2741 peccatum’

1082 2728 1200 2785 libidinis
1209 2729 1503 2801 stimulisurgcinntur.
1514 2735 1541 2790 ln
1552 2738 1688 2796 voluntate
1698 2745 1769 2798 enirn
1778 2720 1878 2802 corun}

1081 2808 1188 2884 creatas
1216 2800 1375 2856 cratiicitus
1396 2804 1549 2873 genitalium
1575 2824 1639 2864 usus
1663 2812 1697 2867 ad
1723 2815 1878 2885 gignendos

1081 2870 1206 2927 videlieet
1219 2872 1298 2938 lilios,
1312 2887 1365 2927 non
1390 2873 1417 2927 in
1429 2876 1563 2945 rolrrptatc
1588 2879 1699 2937 luxuriae
1716 2902 1723 2937 :
1739 2897 1800 2955 post
1810 2904 1880 2957 pec-

1081 2951 1169 2997 catum
1182 2958 1249 2997 vero
1260 2942 1330 2998 lianc
1348 2943 1452 2999 eisdem
1476 2947 1605 3005 accidisse
1619 2951 1675 3021 ipsa
1690 2954 1786 3012 iterum
1800 2960 1880 3015 Scri·

1081 3020 1158 3097 ptura
1178 3014 1353 3081 demonstrat,
1367 3014 1470 3083 dicens,
1486 3016 1519 3071 lit
1530 3022 1611 3091 apmi
1629 3028 1865 3085 snntoculieornm

1080 3091 1105 3138 et
1117 3086 1312 3168 scnmantqeie
1331 3084 1395 3139 aredi
1414 3096 1496 3148 mont,
1517 3099 1541 3143 et
1563 3106 1716 3151 consuerunt
1729 3100 1793 3169 falia
1814 3074 1877 3171 fici:

1079 3163 1105 3210 et
1119 3156 1232 3226 {merum
1254 3155 1304 3239 cris
1316 3164 1466 3240 tegmenta
1482 3158 1535 3215 Sed
1554 3166 1681 3235 numquid
1693 3168 1792 3227 clausis
1803 3187 1879 3229 ocu·

1080 3226 1114 3281 lle
1134 3236 1316 3291 erantcreatr,
1334 3243 1401 3297 quta
1412 3229 1515 3286 dietum
1526 3243 1577 3299 est,
1595 3233 1628 3288 Er
1640 3241 1790 3309 apertimnt
1802 3245 1881 3300 ocati

1080 3313 1167 3352 eorum
1180 3298 1281 3366 land
1302 3297 1325 3352 si
1337 3299 1422 3354 clausi
1437 3299 1544 3358 luerunt
1556 3307 1626 3362 oculi
1639 3324 1742 3379 eorunm,
1757 3329 1880 3384 quone-

1080 3367 1115 3422 do
1124 3385 1216 3425 veruna
1230 3369 1283 3424 crit
1295 3370 1365 3439 quod
1384 3371 1513 3441 scriptun
1522 3385 1573 3441 est,
1587 3375 1622 3430 111
1635 3380 1697 3434 cidit
1710 3385 1800 3438 mulier
1806 3389 1877 3456 qrrr'a

1079 3438 1173 3522 denam
1185 3450 1222 3495 eat
1235 3441 1333 3512 liqnttnt
1342 3440 1378 3494 ad
1386 3458 1480 3508 cacam,
1501 3454 1524 3498 ει
1533 3449 1619 3515 patino
1637 3452 1727 3506 tineent
1738 3465 1774 3509 ert
1786 3457 1876 3512 sideri

1078 3511 1168 3576 oculas,
1195 3520 1218 3564 et
1238 3512 1377 3581 speciosum
1396 3513 1430 3565 ad
1448 3515 1596 3572 intuendum
1612 3467 1681 3593 (ld.
1705 3539 1744 3590 m,
1763 3528 1790 3593 Ι1,
1804 3527 1821 3582 6
1836 3528 1880 3600 li

1078 3583 1336 3664 dpcrntiuergoerant
1354 3583 1527 3641 oculicorunr
1549 3588 1583 3644 ad
1610 3593 1766 3650 intuendum
1787 3613 1879 3669 opera

1078 3651 1269 3734 penuriamque
1292 3652 1369 3736 nalde
1383 3654 1451 3710 bona
1465 3659 1566 3713 creavit
1582 3679 1589 3715 :
1603 3663 1687 3721 clausi
1711 3682 1776 3722 uero
1790 3680 1879 3726 erant

1078 3733 1226 3805 ignorantia
1241 3725 1314 3790 malr,
1332 3727 1403 3807 quod
1416 3726 1527 3793 Creator
1539 3729 1670 3790 bonorum
1686 3738 1878 3798 omniuntnou

1077 3804 1187 3849 ereavn.
1202 3794 1235 3876 Et
1256 3805 1341 3878 aperta
1355 3805 1417 3851 sunt
1439 3802 1602 3858 conscientia
1624 3806 1714 3862 delicti
1734 3811 1865 3878 pulsante

1077 3865 1121 3948 nel
1137 3880 1198 3922 eum
1217 3880 1244 3920 m
1253 3879 1289 3948 ‚se
1308 3865 1438 3936 vaderent,
1450 3869 1477 3924 id
1491 3882 1533 3926 est
1544 3876 1684 3946 sentirent,
1695 3879 1750 3949 jana
1777 3857 1880 3940 nudati

1076 3949 1174 3991 anemae
1187 3949 1514 4019 curansquepaeeoaotum
1530 3947 1671 4014 quemdam
1687 3952 1879 4021 turpissimum

1077 4014 1157 4089 atque
1170 4017 1332 4090 praecipitem
1347 4009 1452 4066 nouiter
1474 4015 1622 4072 accidisse:
1638 4020 1707 4076 unde
1720 4022 1826 4080 couiusi
1839 4027 1881 4083 ad

1076 4075 1120 4132 tta
1134 4077 1196 4133 lolia
1206 4087 1390 4147 cucurrerunt,
1405 4090 1432 4137 et
1445 4081 1487 4138 liis
1496 4085 1615 4143 libidinis
1625 4090 1725 4159 madore
1738 4095 1880 4151 sollicita·

1077 4149 1230 4206 tamearbra
1243 4159 1375 4233 texerant.
1391 4152 1503 4219 Quodsi
1518 4160 1639 4217 naturale
1652 4162 1751 4218 1ιοιιιιιιί
1768 4175 1812 4222 est
1826 4183 1877 4224 sc·

1075 4219 1192 4275 cundum
1203 4235 1251 4276 vos
1261 4228 1310 4276 rsta
1323 4221 1416 4291 lilrido,
1427 4226 1525 4281 etnilril
1535 4238 1577 4284 est
1590 4232 1654 4287 inea
1664 4235 1734 4304 quod
1752 4237 1878 4306 pudeat;

1076 4304 1178 4360 quaero,
1193 4307 1246 4362 qua
1259 4307 1292 4347 ex
1308 4307 1389 4348 causa
1402 4305 1462 4365 post
1483 4304 1721 4370 transgresionem
1736 4310 1879 4366 naturalia

1076 4362 1198 4416 membra
1213 4371 1346 4440 teneurunt,
1371 4374 1399 4420 et
1422 4380 1475 4423 non
1495 4369 1565 4426 sicut
1583 4385 1646 4430 ante
1659 4387 1798 4446 peccatum
1813 4380 1881 4438 lue-

1076 4442 1137 4486 rant
1158 4442 1373 4504 peroranserunt,
1398 4439 1506 4508 quando
1531 4441 1623 4513 utique
1649 4447 1713 4503 audi
1736 4460 1827 4517 crant,
1844 4462 1881 4509 et

1076 4516 1130 4557 oon
1142 4503 1396 4563 confundebantur?
1416 4508 1485 4564 Nilril
1505 4513 1577 4568 cuim
1590 4515 1661 4572 Deus
1674 4519 1745 4574 unde
1757 4523 1881 4577 conlun-

1076 4573 1185 4657 dcretur
1198 4574 1289 4658 homo,
1303 4593 1364 4632 cum
1387 4594 1447 4635 eum
1469 4582 1614 4652 plasmaret
1626 4587 1660 4642 ad
1683 4605 1759 4644 suam
1775 4594 1880 4664 imagi-

1076 4659 1149 4710 nem,
1166 4662 1191 4701 ιιι
1203 4662 1261 4715 cqas
1275 4649 1359 4702 sarrana
1375 4652 1486 4706 creavit.
1499 4653 1576 4722 Quod
1597 4658 1620 4711 si
1642 4674 1695 4713 non
1718 4664 1878 4722 secundum

1076 4715 1156 4779 iidem
1166 4729 1284 4772 nostram
1303 4719 1337 4774 de
1349 4721 1494 4778 accidentis
1516 4727 1587 4781 malo
1599 4729 1715 4786 libidinis
1734 4743 1794 4802 post
1805 4751 1881 4805 pec-

1076 4789 1278 4844 eatumconlusi
1292 4798 1363 4854 sunt,
1377 4793 1525 4850 secundum
1535 4796 1633 4868 dogma
1654 4811 1773 4858 vestrum
1794 4805 1876 4863 [leus

230 4859 336 4941 penitus
360 4855 489 4912 interiret.
509 4854 585 4923 Quod
612 4855 635 4908 si
653 4853 767 4938 credere
793 4867 845 4908 non
869 4852 919 4919 uis,
932 4865 1024 4922 quaeso
1077 4857 1103 4912 in
1126 4860 1167 4914 eis
1189 4859 1251 4915 lecit
1269 4862 1340 4917 unde
1358 4864 1586 4923 contunderentur
1601 4888 1608 4924 :
1624 4885 1675 4927 nec
1696 4874 1768 4928 enim
1798 4877 1881 4935 aliud

231 4929 341 5012 utdaeas
351 4924 746 5010 qaromodopntestmollrsrbrlo
758 4937 1023 5005 serpensnenenam,
1076 4928 1176 4996 dicitis,
1193 4945 1254 4986 cum
1265 4933 1425 5003 turmssinae
1441 4936 1558 4993 libidinis
1569 4940 1720 5000 deumessc
1732 4955 1881 5006 erectorem

231 5008 394 5071 otpernnat,
418 4999 517 5052 lrornrru
540 5011 691 5068 propinare,
706 4995 777 5066 quod
803 4993 1023 5066 contangerelro·
1076 5001 1236 5071 predicaris.

230 5073 331 5128 mirarum
347 5071 436 5125 nudus
458 5067 585 5140 ignorat?
599 5067 653 5123 Sed
667 5065 862 5138 quanmmlibct
892 5066 1023 5135 tergiver-
1112 5071 1226 5128 caede
1244 5073 1288 5128 lll.
1300 5105 1336 5115 -
1352 5077 1379 5132 ὅ.
1403 5077 1456 5133 sea
1485 5083 1631 5151 respondes
1650 5083 1839 5143 domitandi
1860 5093 1882 5146 ‘t

230 5144 317 5209 seris,
345 5138 527 5197 intercedente
558 5147 668 5210 peccato
694 5139 744 5192 sub
764 5137 861 5193 diaboli
889 5135 1023 5206 serpentis
1076 5152 1104 5197 ιιι
1118 5140 1305 5214 benefecerit*
1321 5125 1521 5220 inprotoplartia
1534 5154 1658 5225 pedorem
1682 5131 1782 5215 lterum
1840 5109 1868 5145 α

230 5215 301 5270 maio
311 5223 404 5298 natura
420 5211 539 5294 irumana
549 5211 635 5294 potuit
657 5209 793 5292 captivari·
804 5207 873 5290 sieut
890 5207 1024 5290 serpentis
1076 5213 1225 5284 iterumque
1237 5229 1400 5287 percontor:
1412 5219 1440 5277 Si
1454 5223 1520 5277 nintt
1538 5226 1610 5281 rande
1620 5197 1721 5298 pudeat
1746 5176 1881 5286 licam

232 5297 329 5342 terrena
352 5283 463 5369 potest⁸
486 5281 560 5366 detali
585 5295 690 5364 veneno
717 5293 863 5364 exanimari
880 5293 960 5348 :quia
985 5291 1024 5334 stc
1076 5284 1160 5350 eit,et
1173 5287 1249 5355 plena
1264 5289 1314 5343 lide
1328 5289 1435 5358 dicitur,
1455 5294 1516 5364 quia
1538 5297 1644 5366 penitus
1660 5270 1730 5354 non'
1744 5301 1828 5357 lecit·
1847 5313 1881 5360 ει

228 5357 292 5415 illud
306 5365 424 5428 potuisse
438 5351 699 5422 tmnsrrecredmms,
714 5359 783 5408 sicut
794 5350 863 5407 rstud
876 5364 955 5422 posse
965 5347 1024 5406 deri
1076 5357 1181 5439 malam·
1190 5358 1309 5415 lihidinis
1324 5376 1361 5418 ex
1379 5360 1485 5419 diabolo
1508 5375 1626 5433 nonest,
1640 5371 1712 5442 quod
1733 5383 1806 5428 recta
1817 5344 1883 5433 itae

1076 5441 1136 5509 non.
1155 5427 1263 5512 dicatur,
1284 5447 1345 5502 quta
1369 5448 1405 5488 ex
1433 5436 1491 5504 ipso
1509 5447 1571 5493 cst:
1593 5439 1676 5497 dicite
1689 5457 1738 5498 eur
1753 5447 1883 5503 texerint

1076 5498 1331 5585 genitalismemlna
1354 5513 1416 5574 post
1435 5507 1550 5578 culpam,
1564 5525 1649 5582 quea
1664 5512 1707 5570 die
1720 5514 1882 5572 iustitutio-

1076 5583 1118 5624 ιιιε
1130 5583 1187 5626 suae
1198 5587 1312 5629 rnrreem
1327 5574 1488 5634 videbantet
1502 5595 1556 5635 non
1571 5583 1705 5654 tegebant.
1718 5585 1746 5641 Si
1755 5584 1882 5657 dixeris,

1012 5649 1022 5679 a
1075 5650 1185 5712 propter
1209 5653 1346 5715 peecatum
1359 5663 1366 5702 ε
1381 5663 1446 5720 ergo
1469 5651 1597 5710 conitere
1609 5664 1636 5709 et
1651 5669 1748 5712 accersa
1770 5657 1882 5717 malma

261 5491 272 5524 ¹
289 5487 594 5564 coenomanicae„

260 5553 272 5648 ἶ
287 5557 514 5666 ιίεὲιιεῗῖοιιὲεωὲευεῗ
523 5552 635 5680 om
646 5548 827 5665 migma
837 5623 934 5664 rursum
944 5611 1007 5665 lana

228 5629 658 5786 ιρ,ἷε13αωωκι’μιωεε.
753 5625 811 5678 mqu

261 5745 624 5872 ¹¹or¹iir⁸e⁵a⁵ssfsin⁶e⁰frceuene
645 5803 743 5874 uocato
763 5803 788 5851 et
804 5795 907 5874 euml,
1005 5801 1012 5813 '

231 5861 307 5921 nmio,
320 5869 407 5912 εειιιιιι
423 5861 613 5927 lampadem
627 5867 919 5928 αιριιυιιπ,ε1εει·ρειιιιι
932 5869 982 5917 terr

231 5928 372 5990 mum
1107 5869 1171 5920 ιειε
1190 5871 1375 5933 murman,
1395 5875 1664 5971 emoniensem·
1683 5878 1803 5937 amu

1107 5929 1176 5987 ¹tae
1188 5931 1507 6003 edmadduaqqueraprarn.
