4009 6375
784 362 884 421 ttuutt
901 360 1046 422 SEXTUS.
1684 377 1752 437 tutu

112 480 148 534 illi
162 494 215 535 nen
227 480 334 551 equale
347 482 392 552 qui
403 478 478 540 imit.
490 476 565 535 Fecit
579 478 650 534 enirn
664 477 736 533 Deus
750 478 839 533 omnir
853 478 905 534 bo·
996 477 1039 535 l'l.
1053 476 1113 537 luc.
1126 480 1183 537 latu
1197 496 1260 539 reru
1273 483 1298 538 in
1312 484 1397 557 ipsum
1410 486 1504 558 beura,
1520 492 1576 562 puri
1591 489 1655 561 line,
1669 492 1751 565 impa-

111 586 144 627 ns
157 570 234 626 rulde
255 570 331 643 (Gen.
347 587 374 639 a,
388 570 455 643 st);
473 568 521 627 sed
538 585 592 627 nen
610 582 715 625 summe
728 568 817 637 bonu,
835 565 904 625 sieut
957 566 980 622 ri
1001 568 1127 649 exordio,
1142 574 1341 652 accusationan
1354 576 1406 631 tela
1417 578 1576 647 jaculantur.
1588 582 1751 641 llanicbuus

110 673 149 719 est
165 662 222 734 ipse
233 680 241 719 ι
252 682 314 736 quse
328 673 416 719 samen
430 663 500 718 bena
515 661 719 733 qualiacumque
733 674 787 715 nen
801 665 902 725 essent,
957 660 1055 733 quippe
1067 662 1142 732 dicit,
1157 664 1226 721 Usus
1239 666 1326 723 bonus
1339 666 1436 725 nialnm
1451 686 1504 728 non
1516 673 1579 729 iacis
1593 691 1600 730 :
1613 672 1661 731 sed
1674 674 1750 733 adim

109 754 161 811 uisi
181 770 213 811 ea
237 754 348 812 fecisset
366 769 472 811 summe
492 752 599 822 benus;
621 760 672 809 nec
691 750 827 807 murabilis
850 750 904 806 ulis
957 750 1018 821 qna
1040 766 1087 823 pre
1107 755 1271 812 naturalibus
1292 756 1378 830 culpis
1392 769 1494 816 aeterno
1508 763 1630 821 incendio
1644 766 1748 824 anintus

108 845 178 903 bena
192 854 295 913 essent,
309 844 361 902 nisi
374 862 406 902 eu
421 842 528 901 fecisset
541 841 742 899 immutabiliter
752 842 849 897 benus.
865 842 904 896 bc
956 840 1094 913 destinet;
1116 846 1187 920 quod
1209 848 1356 921 perspicuae
1379 850 1552 909 immunimus
1575 863 1615 910 est
1630 874 1637 911 :
1651 870 1683 912 ac
1702 872 1750 928 per

109 954 159 1011 per
178 939 242 1009 boe,
264 936 403 995 llunicbui
423 955 484 995 eum
506 946 630 1011 querant
649 952 665 992 a
685 936 763 993 nobis
781 936 851 992 unde
869 934 904 991 sit
955 933 1018 1001 bec,
1038 934 1091 993 bne
1109 939 1240 1009 opinionis
1257 954 1322 1009 suu,
1342 956 1422 1013 quem
1434 942 1533 999 bonurn
1548 943 1661 1014 dixerut,
1676 947 1749 1003 clara

108 1027 227 1104 malum,
248 1032 370 1089 colentes
388 1030 556 1088 introducere
576 1028 675 1087 malum
705 1029 762 1085 Deo
789 1040 902 1086 center·
956 1026 1096 1097 iniquiene
1117 1033 1289 1087 contaminat.
1312 1030 1395 1090 l‘orre
1409 1034 1573 1104 Augustinus
1588 1036 1664 1107 quusi
1676 1036 1700 1093 ei
1715 1038 1749 1094 ad

20 1165 21 1186 ,
108 1139 185 1191 eum,
200 1123 350 1182 nescientes
364 1122 427 1196 quid
442 1124 477 1179 sit
489 1122 599 1189 orulum,
614 1120 692 1195 idque
707 1129 829 1193 putentes
843 1136 903 1177 esse
956 1134 1035 1189 quern
1050 1120 1152 1188 scribit,
1169 1122 1252 1179 lidron
1266 1130 1388 1195 patrono,
1403 1140 1469 1181 ausu
1481 1124 1624 1196 grandiore
1638 1124 1752 1198 despicit

20 1197 21 1218 ¹
108 1223 231 1269 asturam
250 1226 332 1286 utque
352 1214 526 1270 substantium
541 1231 549 1267 ε
563 1211 756 1283 respondemus
777 1211 827 1278 eis,
850 1226 903 1266 rino
959 1210 1162 1279 trepidationem
1174 1214 1302 1285 magistri,
1315 1215 1686 1289 necdubitutindeincipcre,
1698 1234 1751 1291 quo

20 1335 21 1378 1
107 1318 169 1361 esse
190 1303 292 1360 malum
315 1314 349 1361 ex
372 1303 439 1373 Uen,
464 1310 551 1377 neque
573 1312 736 1359 coeternum
759 1302 833 1371 Ueu;
855 1303 903 1359 sed
955 1292 1116 1358 liunicbzeus
1133 1306 1267 1376 pervenit;
1288 1307 1492 1379 pronuurlulque
1510 1308 1580 1379 (quud
1597 1310 1707 1378 errulum,
1724 1312 1751 1369 id

20 1391 21 1426 ³
108 1394 209 1468 mulum
224 1402 436 1452 orturuesseex
452 1394 804 1451 liberaroluntutenaturur
819 1394 902 1449 nitio·
956 1399 996 1447 esi
1010 1402 1161 1465 peccatum,
1176 1394 1682 1469 saciatUeusetcreet,quemconstat
1697 1417 1750 1458 non

20 1545 21 1568 χ
108 1484 186 1551 nulis,
201 1484 712 1557 quaebeneubonoeorrdirues13sed
726 1484 902 1557 bonitusejus
954 1484 1749 1558 conuenireeibeu,qnemCatbolicorumbdcscolit.linc

20 1581 21 1584 ’
108 1591 160 1631 uera
184 1584 228 1632 est
247 1576 357 1648 equalis
373 1574 485 1631 bonitati
504 1574 655 1630 corrditens
677 1575 754 1645 ejns;
776 1576 902 1647 quonum
954 1576 1125 1647 potissimum
1145 1574 1234 1634 anirn'o
1253 1578 1360 1635 lectoris
1380 1579 1487 1648 insidat,
1505 1588 1533 1637 et
1549 1582 1615 1637 nulli
1633 1593 1750 1654 unquam

107 1683 161 1722 non
174 1674 289 1731 nuturu.
310 1666 356 1723 sed
372 1682 439 1739 «rpus
453 1666 510 1738 ejus
528 1677 589 1733 est;
606 1664 717 1737 ideoque
732 1664 823 1722 babuit
837 1680 902 1739 pec·
956 1667 1074 1724 bdelium
1085 1668 1214 1740 majorem
1224 1682 1331 1725 eausam
1345 1686 1425 1741 qnam
1436 1670 1513 1727 nobis
1524 1672 1676 1729 incubuisse
1686 1686 1751 1731 ceu·

107 1757 184 1814 eundi
205 1756 426 1829 qessibilitatern,
447 1775 499 1813 nort
520 1768 607 1813 tamen
627 1758 823 1813 necessitatem.
847 1753 903 1815 Nec
954 1753 1060 1822 flletus,
1083 1763 1110 1811 et
1128 1771 1235 1813 entirem
1250 1757 1296 1829 qui
1316 1765 1438 1814 staturum
1460 1758 1544 1831 ipsum
1559 1762 1747 1819 necessitatem

107 1848 312 1921 possibilitatem
324 1858 412 1905 autern
426 1846 546 1916 baberet,
561 1850 583 1905 si
597 1849 643 1905 bei
656 1859 748 1905 rrurnru
762 1858 842 1919 esser,
856 1852 902 1923 qui
953 1846 1074 1903 criminis
1087 1847 1249 1916 arbitratur,
1273 1849 1301 1904 in
1320 1848 1366 1904 bei
1380 1847 1590 1907 Christianorum
1605 1851 1678 1908 cuttu
1692 1866 1747 1908 non

107 1941 344 2021 peecureneerult
356 1956 445 2012 pesse,
459 1950 608 2025 bec-polest
618 1941 697 1998 uelle.
712 1940 901 2000 Uerumtamen
956 1938 1055 1995 babere
1071 1939 1233 1997 musonium
1251 1942 1341 2014 :quod
1356 1942 1480 2013 quoniam
1495 1942 1649 2016 frequenter
1661 1944 1748 2002 lncul·

108 2032 245 2089 rationalis
258 2031 308 2091 istu
325 2043 418 2087 natnru
434 2032 459 2088 in
479 2030 531 2089 hue
549 2032 724 2103 possibilitate
738 2032 864 2104 peceuudi
878 2034 901 2090 si
955 2038 1045 2087 cutum
1057 2026 1117 2096 es't;
1137 2032 1304 2089 iterationem
1319 2034 1419 2105 quippe
1433 2021 1533 2091 ut'iblus
1546 2042 1633 2093 cauete
1648 2036 1747 2107 princi·

107 2138 158 2177 non
172 2131 320 2193 pressisset,
333 2122 439 2195 qnando
450 2137 561 2195 peceare
572 2122 713 2194 potuisset,
728 2139 852 2197 magnum
863 2125 901 2181 si·
954 2120 1022 2192 pulis
1040 2124 1146 2195 exegit;
1162 2124 1299 2179 vendamus
1313 2124 1368 2195 jum
1385 2124 1418 2180 ad
1430 2124 1625 2183 discussionem
1644 2126 1747 2197 primu·

107 2212 131 2269 bi
143 2212 269 2269 meritum
279 2224 461 2287 comparasset
471 2232 477 2267 :
487 2212 563 2285 cuins
574 2212 660 2269 meriti
672 2214 810 2285 premium
821 2216 901 2271 etium
953 2215 1012 2269 'rum
1024 2214 1173 2283 bominum,
1185 2232 1296 2287 quorurn
1311 2214 1444 2272 taxatione
1453 2216 1520 2273 uslei
1528 2226 1625 2274 nostru
1633 2216 1747 2275 Uunrida

107 2302 158 2361 buc
178 2312 267 2370 esset,
284 2314 314 2359 ut
330 2304 432 2375 majore
449 2304 575 2361 felicitate
594 2320 706 2377 peccare
725 2322 779 2361 non
798 2314 899 2375 posset.
953 2304 1029 2377 qnasi
1043 2313 1164 2362 cetratus
1179 2305 1304 2361 occurrit.

108 2392 158 2450 Sed
174 2394 228 2451 boc
241 2393 334 2450 undito
347 2392 509 2450 Uanienses
521 2394 610 2450 adbuc
624 2396 720 2467 pergit,
735 2403 763 2451 et
776 2395 841 2451 dicit
853 2414 860 2452 z
871 2396 901 2453 st
988 2396 1056 2454 bue·
1075 2394 1144 2465 Quid
1157 2394 1315 2453 llaniclneus
1329 2396 1400 2455 dicat
1415 2396 1448 2454 de
1461 2398 1652 2454 commistione
1665 2398 1744 2455 bonae

107 2500 139 2540 er
160 2484 245 2541 libera
259 2484 395 2541 uoluntate
408 2499 509 2542 narune
520 2486 657 2542 rationulis
670 2494 711 2543 est
724 2488 833 2553 mulum,
848 2504 900 2543 un·
956 2494 984 2543 et
994 2486 1072 2543 mule
1081 2488 1246 2553 substantie,
1260 2490 1361 2544 nescire
1371 2496 1399 2544 te
1408 2486 1556 2553 crederent,
1570 2488 1620 2545 nisi
1632 2502 1663 2545 eu
1673 2500 1746 2546 certe

107 2577 139 2634 dc
150 2588 213 2634 sunt
228 2578 281 2633 ista
294 2589 334 2634 tet
346 2578 425 2645 mab,
438 2593 499 2633 eum
512 2577 609 2650 quibus
620 2576 694 2634 nusei
707 2578 839 2644 ridemus,
854 2579 901 2651 qdi
952 2575 1013 2649 que
1026 2575 1156 2634 adversus
1173 2578 1296 2635 errtrtdrm
1321 2592 1440 2635 errorem
1460 2579 1630 2651 scripsimus,
1648 2579 1746 2651 legisse

107 2668 223 2725 tendum
238 2668 363 2725 libertate
381 2667 526 2725 rolrrntutis
545 2666 677 2741 uerruturi
690 2668 767 2726 Uude
780 2680 822 2727 est
835 2686 901 2726 cuns
953 2676 978 2724 te
998 2668 1094 2725 scirem
1110 2685 1117 2725 :
1131 2684 1192 2724 narn
1212 2684 1244 2724 er
1260 2670 1346 2736 libro,
1363 2669 1389 2724 in
1404 2684 1457 2741 quo
1471 2668 1582 2725 duarum
1596 2672 1745 2727 animarum

107 2762 287 2834 sepimentis,
300 2778 352 2835 qua
364 2762 428 2819 euro
440 2762 604 2834 correupiseir
617 2761 746 2819 adversus
757 2764 899 2837 spiritam,
953 2758 980 2814 iu
1002 2758 1111 2815 bomine
1132 2760 1346 2827 constitutarum,
1367 2774 1481 2831 quarum
1499 2768 1571 2815 esset
1589 2776 1641 2815 una
1660 2762 1745 2829 bona,

107 2852 177 2911 etud
194 2862 337 2926 peccatum
357 2852 563 2926 perpetrandum
584 2852 682 2919 trabit,
701 2853 753 2910 nisi
771 2854 899 2910 rdrersns
951 2848 1036 2906 alteru
1056 2850 1127 2905 mula
1153 2864 1258 2916 ,carrum
1280 2850 1432 2922 opinionem
1451 2850 1640 2925 redarguimur
1660 2850 1746 2911 buce.

107 2955 162 3001 usur
182 2946 296 3017 spiritus
315 2944 411 3001 lortius
431 2944 622 3015 concupiscat?
641 2943 718 3002 Unde
741 2943 768 3002 iu
791 2942 899 3003 bomine
951 2938 1082 3009 Aninml„
1097 2958 1124 2998 n.
1138 2938 1193 3017 tu),
1211 2941 1333 3014 quedam
1348 2952 1443 2999 centra
1457 2956 1501 3000 me
1516 2944 1601 3013 ipsum
1614 2956 1673 2999 esse
1687 2944 1745 3000 eli·

107 3050 156 3091 uno
168 3035 284 3092 duurum
299 3052 401 3104 rerum,
415 3050 449 3093 er
464 3035 560 3108 quibus
575 3042 690 3105 corisut,
706 3045 778 3091 tunta
792 3034 898 3092 discor·
950 3036 1064 3091 stimans
1086 3036 1236 3091 testimonia
1258 3034 1403 3107 pmtuiisti.
1419 3034 1581 3092 Uaniebaeus
1593 3049 1659 3108 erqo
1677 3034 1746 3093 daus

20 3151 21 3164 ÷
106 3126 167 3184 dial
179 3126 259 3186 Unde
273 3128 318 3185 les
332 3128 359 3183 in
380 3126 508 3185 membris
533 3141 684 3202 repugnans
711 3125 762 3200 legi
788 3130 896 3199 meritis,
950 3128 1065 3197 unimus,
1085 3126 1142 3183 sire
1161 3126 1280 3199 spiritus,
1300 3126 1357 3183 sire
1374 3134 1489 3194 mentes,
1509 3140 1590 3183 urum
1608 3126 1743 3200 propriam

107 3221 228 3295 sineque
242 3221 303 3293 leqe
315 3236 396 3278 neura
409 3219 546 3277 nescituri
561 3219 636 3278 Unde
652 3227 689 3278 tot
703 3229 730 3278 et
744 3229 815 3280 unta
833 3223 898 3280 sitia
951 3220 1049 3287 carnis,
1063 3217 1237 3290 eamdemque
1250 3231 1304 3276 neu
1319 3217 1457 3276 accidente
1473 3217 1551 3285 vitio,
1567 3220 1614 3276 sed
1628 3227 1744 3275 mulcr-

20 3346 21 3364 o
107 3310 146 3368 rei
160 3311 345 3384 ingeniorum,
363 3312 407 3368 rel
419 3325 574 3382 corporum,
589 3326 650 3368 cum
664 3311 760 3384 quibus
780 3312 898 3388 plerique
950 3310 1179 3367 numbeonatura
1195 3308 1423 3374 mularn,ulterum
1438 3323 1503 3366 rere
1516 3316 1610 3365 natura
1626 3311 1741 3366 bonum¹

20 3410 21 3419 ’
107 3401 270 3462 mscumuri
287 3399 364 3461 Unde
376 3401 482 3459 labores
495 3411 523 3458 et
537 3403 701 3458 calauriutes
715 3403 834 3460 neudum
849 3419 898 3461 re·
949 3411 1075 3475 tanquam
1084 3403 1131 3460 bei
1146 3401 1313 3475 paniculum,
1337 3401 1385 3458 sed
1398 3401 1556 3458 illinsmulm
1569 3402 1746 3473 permixtione

20 3568 21 3571 Ἴ
108 3493 203 3553 tuere
221 3495 392 3568 peemrttium
409 3492 602 3566 parvulorum?
619 3491 698 3552 Unde
710 3509 771 3551 curn
788 3495 899 3552 rutioois
950 3495 1118 3560 mucelanum,
1138 3493 1164 3549 io
1186 3491 1296 3550 bomine
1313 3509 1368 3552 uuo
1389 3507 1450 3552 esse
1468 3491 1668 3572 contendisset
1682 3493 1745 3550 irinc

20 3642 21 3647 ,
109 3603 165 3644 usus
178 3587 346 3656 secesserit,
365 3588 392 3643 ia
412 3584 547 3644 discendis
560 3587 657 3644 litteris
675 3587 717 3643 rel
737 3587 900 3659 quibuslibet
950 3585 1007 3643 ruit
1020 3585 1087 3654 lieri,
1104 3595 1132 3646 ut
1144 3597 1207 3643 care
1220 3587 1392 3660 concupiscat
1404 3585 1533 3643 udrersus
1545 3585 1677 3658 spiritum,
1693 3587 1746 3642 nti·

109 3679 204 3736 artibus
219 3685 293 3734 tanta
314 3692 395 3750 prena
409 3676 578 3745 mortalium,
598 3685 627 3733 ut
643 3677 802 3733 aerumnosis
818 3693 900 3734 conu-
950 3694 1003 3752 qne
1015 3681 1126 3748 bunum,
1141 3695 1189 3752 per
1200 3681 1316 3736 animam
1330 3695 1405 3736 suam
1417 3679 1525 3747 malam,
1540 3686 1568 3735 nt
1581 3693 1642 3735 eum
1655 3689 1746 3736 teneat

20 3814 21 3817 ,
110 3769 172 3825 tibus
182 3770 266 3826 etiam
279 3769 422 3825 verberum
441 3765 574 3823 cmciutus
593 3765 724 3823 addatur?
735 3765 784 3822 llic
796 3782 846 3824 nos
859 3783 901 3824 re·
951 3773 1135 3844 implicatum
1152 3773 1263 3844 spiritus
1277 3781 1366 3829 autem
1380 3771 1508 3828 adt-erus
1522 3785 1630 3827 earnem
1644 3813 1652 3840 ,
1668 3781 1698 3828 nt
1710 3773 1745 3829 ab

20 3844 21 3859 ¹
108 3861 289 3932 spondemus,
304 3859 386 3918 etium
409 3860 458 3916 istu
474 3860 543 3915 mala
564 3873 598 3916 es
619 3858 756 3915 vuluntate
776 3859 899 3916 liumaoaa
951 3846 1346 3920 blacemmirriousliberetiar.
1359 3861 1468 3931 Quodsi
1482 3859 1740 3916 neenltimamundi

110 3961 206 4009 murra
219 3952 353 4026 emqinern
365 3950 475 4018 ducere,
490 3965 542 4023 qna
554 3949 692 4022 granditer
703 3959 841 4021 peccante,
857 3948 898 4006 ri·
951 3953 1159 4025 'eorrbngratione
1170 3953 1294 4025 potuerit,
1309 3959 1372 4010 tunc
1383 3968 1446 4009 euru
1460 3951 1524 4008 dicit
1535 3949 1606 4024 abigi
1622 3951 1746 4007 tenebras

111 4046 168 4102 trau
186 4055 216 4104 et
230 4061 294 4102 cum
309 4045 394 4116 stirpe
407 4043 531 4100 damrruta
545 4052 597 4100 est.
612 4041 688 4100 Unde
702 4054 806 4098 nature
820 4041 899 4114 buius
951 4061 1011 4102 runt
1026 4047 1114 4118 qlubo,
1130 4054 1210 4120 atque
1225 4045 1251 4102 ln
1267 4053 1396 4102 aeternum
1412 4046 1459 4102 lali
1474 4043 1606 4118 supplicio
1619 4044 1743 4103 detineri.

111 4145 160 4192 tum
179 4137 265 4195 multa
286 4134 418 4193 naturalia
438 4135 507 4192 buna
526 4134 636 4190 ueniunt
653 4133 688 4190 de
706 4131 753 4188 bei
772 4132 898 4204 opificio,
952 4137 1010 4194 lieo
1024 4139 1122 4209 itaque,
1136 4146 1165 4194 ut
1175 4137 1251 4204 diris,
1264 4135 1401 4194 llaniebrei
1415 4139 1484 4195 Deus
1498 4153 1509 4190 r
1523 4152 1571 4208 pro
1581 4137 1746 4196 naturalibus

111 4229 174 4285 nula
191 4228 227 4286 de
242 4229 346 4301 iudicio
361 4242 441 4302 :que
455 4226 523 4282 mula
536 4225 610 4281 nubo
624 4223 704 4282 orode
716 4239 776 4281 esse
790 4235 899 4282 riatur-us
953 4230 1038 4303 culpis
1052 4241 1152 4286 uterne
1164 4229 1288 4286 incendio
1300 4229 1403 4284 unimus
1416 4227 1550 4285 deminae:
1567 4229 1637 4286 used
1651 4237 1745 4287 natura

111 4323 152 4380 rel
161 4323 323 4380 masmine
334 4337 388 4376 nco
398 4318 489 4376 rident
501 4317 657 4384 llanicbaei5
670 4332 762 4373 rernm
776 4315 836 4373 ideo
847 4316 900 4374 diei
950 4318 1036 4377 boum
1049 4319 1152 4376 unimus
1167 4333 1216 4390 pru
1230 4319 1324 4376 alienu
1343 4319 1420 4376 maire
1438 4329 1540 4375 naturae
1554 4319 1744 4376 commixtione

112 4415 253 4485 mrenitu,
268 4415 331 4488 quia
343 4424 407 4470 cum
420 4413 459 4470 eis
474 4410 597 4467 homines
610 4409 701 4466 ritiutu
715 4408 824 4482 originis
839 4419 898 4466 tan·
952 4414 994 4472 eni
1008 4414 1080 4470 mulo
1091 4427 1139 4470 eas
1153 4413 1210 4485 ipse
1221 4413 1398 4479 conrmiscuit,
1413 4426 1480 4484 quas
1493 4411 1554 4467 inde
1564 4426 1617 4467 nun
1629 4413 1744 4482 potuerit

112 4522 184 4578 qnam
202 4507 293 4564 radice
312 4513 468 4562 nuscuntur.
488 4501 541 4559 Sed
559 4516 607 4558 vos
621 4501 683 4558 nevi
702 4499 822 4557 baeretici
836 4515 900 4557 eon·
951 4504 1077 4572 Uberum,
1090 4520 1144 4561 nen
1157 4503 1280 4560 incendio
1293 4512 1410 4569 uterum
1425 4518 1485 4557 num
1499 4501 1600 4558 nullum
1612 4511 1743 4559 aeteruum

114 4599 233 4655 tradidtis
248 4596 328 4654 nobis
342 4613 349 4652 :
364 4594 524 4667 respondete
539 4593 618 4665 igitur
631 4593 801 4660 biunicbuis3
817 4592 899 4650 dicite
952 4595 1114 4651 llanicbaeus
1127 4593 1252 4666 opinatur
1264 4593 1432 4656 incendium
1448 4593 1494 4648 scd
1507 4599 1619 4659 artemo
1633 4601 1663 4649 ul
1675 4592 1742 4662 dixi,

112 4689 179 4746 nude
191 4689 245 4745 siut
259 4697 299 4744 tot
312 4701 344 4743 ae
357 4696 431 4741 nuru
444 4685 521 4754 inula,
539 4701 601 4740 curn
614 4685 710 4756 quibus
724 4685 795 4741 nusn
809 4684 899 4740 iromi·
951 4686 1122 4741 tenebrarum
1137 4683 1227 4756 globo,
1242 4699 1295 4755 qno
1309 4697 1384 4738 ruens
1397 4682 1566 4738 tenebrarum
1582 4681 1742 4750 includetur,

116 4779 194 4836 nessi
205 4780 328 4852 negatis,
342 4777 387 4833 ubi
400 4787 441 4834 est
453 4775 528 4834 inuis
540 4776 649 4833 restra?
662 4775 684 4832 si
699 4774 837 4843 iatemiui,
854 4776 899 4833 ubi
951 4775 1053 4848 ringet.-
1067 4773 1203 4832 Catbelica
1217 4789 1280 4830 acro
1293 4773 1368 4839 nuos,
1384 4787 1463 4845 quum
1477 4773 1633 4846 reliquistis,
1647 4773 1746 4831 urttu·

118 4869 277 4928 estberesis
291 4871 400 4927 uestra?
413 4869 465 4928 Sed
477 4869 605 4925 rurutaista
617 4883 741 4926 uonesse
752 4869 821 4924 mala
833 4884 899 4925 οοο·
951 4867 1126 4934 nlcbuornrn,
1152 4880 1204 4922 nori
1227 4865 1315 4936 plane,
1335 4864 1560 4937 quemadmodum
1582 4867 1680 4936 puratis
1700 4873 1746 4922 aut

112 4965 223 5034 tendite,
237 4974 265 5021 et
281 4964 433 5036 paradisum
450 4976 504 5018 nen
521 4976 631 5031 rerum,
645 4963 692 5018 sed
706 4971 843 5029 vestrum,
861 4962 899 5020 la·
951 4959 1059 5033 bnqitis,
1073 4959 1301 5032 oppugnatricem,
1315 4957 1361 5012 sed
1375 4957 1462 5028 potins
1474 4955 1632 5027 adjutricem
1645 4968 1745 5014 sectam

113 5053 231 5125 boninus,
252 5053 405 5119 doloribus,
425 5053 576 5123 erroribus,
596 5053 754 5125 gerornbos,
775 5051 896 5118 fletibus,
952 5054 1078 5109 nuntiant
1089 5051 1249 5114 conderetis,
1262 5065 1322 5106 cunr
1333 5049 1406 5105 audit
1416 5058 1461 5106 aut
1473 5049 1536 5121 legit
1545 5049 1616 5121 quud
1626 5050 1664 5105 ait
1674 5051 1745 5121 Apo·

20 5168 21 5173 ¹
112 5144 230 5214 luctibus,
248 5145 354 5202 etiarnsi
373 5159 452 5201 uerno
471 5154 627 5216 peccasset,
647 5142 767 5214 implete.
786 5141 861 5210 erod
874 5145 898 5200 si
951 5149 1048 5213 stolus,
1062 5143 1294 5216 Gurecoocupiseit
1307 5143 1566 5214 ndoirsurrpiritnm,
1582 5142 1684 5212 spiritur
1696 5155 1744 5194 cu-

20 5293 21 5315 3
112 5250 162 5290 uun
177 5235 292 5302 uadetis,
308 5251 343 5291 ue
361 5233 396 5290 ab
415 5233 479 5306 ipsis
495 5249 601 5306 quoque
612 5233 731 5308 puerulis
745 5233 896 5303 rideamini,
951 5247 1000 5294 emt
1014 5239 1134 5293 aduncus
1147 5253 1248 5291 currrenr
1263 5253 1273 5291 r
1291 5235 1345 5291 boec
1359 5235 1426 5291 eninr
1441 5235 1547 5292 inuicem
1561 5232 1744 5298 adseruntur:

112 5335 141 5381 et
155 5325 312 5384 uueudundi
326 5324 418 5382 lerrrlis
429 5324 605 5396 judicemini3
619 5323 757 5380 currciudii
767 5323 899 5382 adrentus
951 5337 979 5384 ru
991 5345 1042 5384 non
1056 5345 1086 5383 eu
1099 5343 1155 5399 qun
1168 5327 1259 5392 ruitis,
1274 5326 1373 5398 sacieris
1388 5323 1485 5399 (Gaiae.
1499 5340 1534 5391 r,
1551 5321 1597 5394 il)
1610 5339 1616 5376 :
1629 5336 1680 5377 non
1691 5317 1744 5376 ¹nn·

112 5431 158 5473 rns
173 5416 345 5483 Uenicbuus,
357 5414 419 5472 brec
435 5415 515 5482 mab,
531 5429 591 5488 qum
609 5413 645 5470 de
658 5413 749 5470 vitiata
763 5413 833 5469 burra
849 5429 898 5470 na·
952 5418 1111 5486 incaeduus,
1123 5418 1184 5474 boni
1198 5419 1336 5476 scilicetet
1346 5417 1419 5486 muli,
1434 5418 1541 5471 interse
1551 5415 1584 5468 ub
1595 5412 1744 5472 eternitate

113 5519 166 5567 tura
175 5529 234 5572 esse
243 5526 298 5568 non
308 5510 398 5578 rabis,
411 5509 446 5567 de
457 5508 648 5567 commistione
658 5507 722 5565 mali
734 5523 795 5566 esse
806 5525 814 5564 a
824 5508 897 5580 quud
951 5509 1147 5576 conseruisset
1161 5510 1231 5566 bello
1243 5509 1390 5581 posteriore
1400 5507 1568 5606 comunimus,
1579 5505 1649 5560 sicut
1659 5501 1743 5559 lluni⁴

20 5614 21 5643 ³
111 5605 206 5664 amens
217 5605 284 5664 dicit
295 5619 357 5664 esse
369 5613 491 5660 ausuram
505 5611 665 5659 coaeternum
675 5601 733 5660 Uce
742 5609 895 5674 usquecun-

111 5699 227 5755 rruriuor.
244 5701 285 5756 Αο
301 5713 352 5770 per
367 5695 420 5752 boc
431 5695 478 5751 ubi
489 5694 636 5754 terrenus
650 5694 757 5753 cureris
774 5707 836 5750 csse
851 5709 895 5750 re·
980 5723 1039 5776 ,ἢ
1048 5730 1121 5775 mm,
1129 5721 1342 5774 mmmm·
1351 5717 1410 5767 mm
1419 5720 1511 5773 mm,
1518 5715 1630 5762 mm„
1638 5705 1740 5770 mm,

111 5791 214 5860 muner,
228 5789 266 5847 tbi
278 5787 395 5847 efficeris
408 5787 466 5860 ejus
480 5785 594 5857 adinlur.
949 5786 1052 5838 nituere
1063 5792 1237 5838 monetarum
1248 5783 1341 5833 danunt.
