4009 6375
270 377 355 445 ross·
776 347 1385 445 rouonnromorusrnrenrlororl
1841 378 1909 444 msc

353 497 393 559 lix
405 494 501 560 ecdem
514 492 655 575 iulgeutlo
664 497 802 559 Aorrlnos
816 498 886 574 Papa
899 500 920 569 i,
934 500 961 558 ln
976 497 1096 573 nprsnu
1108 498 1142 558 ad
1152 500 1266 575 egilan,
1277 509 1305 559 et
1316 502 1343 559 iu
1352 496 1520 599 Epistolagd
1533 490 1673 599 episcopos
1685 494 1829 574 lilspanlae.

305 614 393 697 Opera
407 614 596 676 misericordie
614 633 646 675 ac
661 613 771 693 justitiae
786 615 945 694 praeparauit
959 613 1030 674 ileos
1045 616 1072 674 in
1084 618 1235 679 aeternitate
1247 617 1521 677 incommutabilitatis
1532 634 1605 689 sure3
1628 623 1655 676 11
1673 618 1743 675 sicut
1761 614 1908 675 interorum

270 694 382 785 operum
392 726 500 767 suorum
514 727 648 790 nunquam
665 706 715 767 luit
727 706 844 787 ignarus,
858 711 897 767 sic
909 708 935 766 in
951 708 1107 767 eorumdem
1117 726 1228 783 operum
1244 711 1438 789 preparatione
1456 727 1592 783 nunquam
1611 701 1785 786 improvidus.
1808 702 1910 783 Prepa·

270 804 340 861 rarit
348 820 413 881 ergo
423 802 602 881 justillcandis
612 802 877 871 bominibusmerita,
890 806 1050 885 preparavit
1063 804 1157 863 iisdem
1168 794 1390 883 glorificandis‘er
1402 808 1523 880 praemia.
1535 804 1612 865 llaiis
1622 822 1687 868 nero
1694 808 1911 885 nonprarpurarit

270 897 423 958 uoluntates
437 897 531 969 malas,
545 906 592 953 aut
603 912 684 975 opera
700 896 779 968 mala,
793 894 841 955 sed
856 899 1016 971 praeparauit
1027 898 1067 953 eis
1075 898 1149 971 justa
1163 908 1192 957 et
1202 909 1302 963 eterna
1317 900 1456 976 supplicia.
1469 900 1532 961 llaec
1545 910 1588 959 est
1598 910 1700 959 aeterna
1714 897 1911 977 praedestinatio

269 985 420 1044 futurorum
442 1002 552 1060 operum
575 986 634 1059 liei,
657 1002 737 1066 quam
763 986 832 1044 sicut
854 986 931 1045 nobis
955 990 1101 1063 apostolica
1124 991 1245 1052 doctrina
1270 1007 1378 1069 semper
1399 992 1529 1052 insinuari
1551 994 1748 1069 cognoscimm,
1772 996 1811 1053 sic
1834 995 1913 1053 etiam

270 1074 431 1139 fiducialiter
455 1076 652 1163 predicamus,
677 1090 730 1138 etc.
756 1078 890 1147 Tenentur
915 1097 979 1156 ergo
1001 1077 1245 1154 praedestinationis
1265 1084 1363 1147 veritas
1386 1082 1549 1143 a'lidelibus
1572 1086 1676 1143 cunctis
1690 1105 1697 1143 :
1713 1087 1775 1163 quia
1796 1087 1913 1159 quisquis

270 1170 389 1319 diffrinum
407 1188 459 1229 non
474 1172 560 1231 eredit
577 1172 604 1229 in
623 1170 673 1230 hac
694 1168 930 1252 predestinatione
947 1174 1099 1243 consilium,
1110 1189 1165 1235 non
1177 1178 1315 1249 perveniet
1332 1177 1367 1238 ad
1382 1177 1528 1254 gloriosum
1540 1176 1661 1249 ejusdem
1674 1178 1914 1255 predestinationis

270 1279 286 1321 e
308 1274 407 1321 ectum.

998 1938 1186 1997 ww

310 2050 487 2111 omnino·
499 2052 608 2113 tandem
619 2054 653 2111 ad
666 2052 789 2111 ulnarum
802 2056 942 2127 Augustini
957 2068 1036 2128 opus,
1052 2058 1080 2112 in
1091 2072 1145 2129 quc
1156 2058 1251 2114 beatus
1262 2059 1357 2131 gratiae
1367 2057 1466 2115 dbrlstl
1479 2058 1586 2127 sinder,
1601 2058 1665 2115 dnn
1677 2058 1797 2116 1111111111
1810 2054 1912 2116 iuliani

273 2158 336 2206 enm
347 2149 438 2205 (11111
449 2148 629 2221 aggredientis
648 2149 777 2220 impetum
792 2152 961 2221 comprimit,
985 2152 1105 2207 nondum
1118 2153 1242 2208 absoluto
1259 2152 1354 2211 eodem
1366 2166 1463 2225 opera,
1478 2160 1565 2210 morte
1579 2162 1734 2223 occupetur,
1749 2160 1776 2209 et
1793 2169 1810 2210 1
1825 2152 1916 2209 medie

273 2241 423 2299 1111111111
434 2240 468 2297 ad
481 2240 683 2313 percipiendam
696 2253 824 2297 eororranr
838 2250 950 2299 vocatur
962 2244 989 2299 in
1002 2244 1112 2300 coelam.
1128 2244 1229 2299 Verum
1245 2252 1389 2318 antennam
1408 2252 1508 2303 nostre
1527 2246 1555 2301 in
1573 2245 1601 2301 id
1613 2245 1703 2317 operis
1715 2245 1919 2303 observationes

272 2340 468 2406 proponantur,
482 2333 553 2389 baud
566 2332 615 2389 abs
629 2346 660 2389 re
680 2333 776 2401 inerit,
793 2332 877 2406 ipsius
893 2335 1008 2403 lnlirni,
1029 2337 1134 2408 patroni
1148 2334 1299 2408 l'elnglanae
1314 2336 1449 2395 hermeus
1466 2348 1566 2411 preter
1581 2346 1695 2396 ceteros
1712 2338 1872 2396 ardentiset
1881 2340 1920 2394 la-

274 2428 358 2497 mon‘,
380 2434 461 2498 atqua
477 2426 702 2499 iaterAugustlnl
713 2428 882 2486 admrsarios
899 2429 1121 2498 insolentissimi,
1140 2444 1226 2502 genos
1244 2439 1272 2487 et
1290 2445 1381 2489 mores
1400 2428 1509 2502 dicem,
1530 2431 1653 2505 deaque
1673 2443 1723 2490 san
1743 2433 1843 2504 scripta
1861 2430 1921 2505 alas

274 2529 427 2578 mm.
985 2564 989 2573 .

821 2614 865 2671 DE
883 2612 1029 2673 1111111111
1047 2614 1092 2673 nr
1110 2614 1193 2675 Ellis
1212 2614 1373 2675 scurrus

311 2725 432 2790 Julianus
443 2739 509 2801 ergo
518 2724 636 2788 liemore
650 2744 682 2786 ac
694 2722 810 2799 Iuliana,
824 2718 936 2805 utroque
949 2740 1060 2804 parente
1072 2733 1107 2789 ab
1115 2732 1242 2803 opinione
1252 2732 1359 2805 pietatis
1371 2735 1455 2801 claro,
1469 2742 1614 2810 prognatus
1627 2743 1678 2791 est.
1690 2732 1837 2793 llemorem
1852 2737 1922 2791 certe

279 2819 377 2881 liarius
391 2819 522 2881 Mercator
533 2822 562 2883 in
575 2821 786 2881 Commonitorio
803 2824 1020 2883 subnotationum
1035 2826 1060 2882 in
1079 2826 1178 2897 scripta
1190 2824 1308 2898 iuliani,
1326 2838 1446 2887 ‹sanctae
1459 2844 1490 2884 ac
1504 2826 1590 2883 beate
1608 2824 1801 2885 recordationis
1816 2828 1921 2901 episco-

280 2931 388 2987 pum,r
410 2914 544 2973 lulianam
564 2925 654 2974 autem
671 2916 797 2975 llemoris
811 2918 966 2993 conjugem,
990 2920 1168 2992 «primarium
1187 2918 1312 2980 leminam
1326 2940 1337 2974 r
1354 2930 1447 2992 vocat,
1471 2938 1545 2992 equa
1562 2918 1643 2991 nihil,
1658 2941 1669 2975 r
1691 2922 1745 2990 ait,
1763 2920 1924 2977 «honestius

277 3010 347 3067 inter
360 3008 590 3067 reverentissimas
611 3019 747 3067 matronas
762 3010 901 3067 invenias:
916 3032 926 3065 r
942 3020 1023 3087 atque
1035 3028 1099 3069 mox
1112 3012 1145 3069 de
1157 3010 1274 3070 llemore
1286 3009 1366 3069 simui
1378 3028 1410 3069 ac
1426 3010 1530 3069 iuliana
1538 3013 1669 3086 loquens,
1686 3032 1696 3066 ‹
1709 3010 1755 3088 qni
1769 3023 1893 3079 sanctos,
1910 3030 1920 3064 r

277 3100 378 3179 inquit,
395 3120 405 3155 r
420 3100 525 3159 illorum
537 3098 676 3159 bominum
692 3116 792 3172 mores,
808 3109 928 3160 sanctam
943 3105 1042 3173 vitam,
1057 3101 1260 3180 hrstitutumque
1274 3104 1397 3161 noverint
1413 3125 1424 3159 r
1437 3102 1542 3178 (infru,
1558 3101 1675 3179 Append.
1696 3114 1767 3182 perte
1779 3104 1829 3182 2).
1844 3102 1919 3159 lllunr

279 3193 367 3275 ipsum
380 3195 479 3253 luhani
498 3202 600 3270 patrem
617 3197 697 3278 epium
717 3195 855 3255 nobilitate
868 3197 974 3272 generis
995 3201 1168 3270 conspicuum
1182 3197 1280 3267 luisse,
1303 3195 1482 3272 Hieronymus
1498 3195 1649 3275 lignicrius
1667 3196 1695 3255 in
1710 3193 1873 3255 Proeiatione
1890 3191 1923 3252 ad

276 3289 461 3370 imperfectum
474 3291 547 3366 Opus
561 3289 717 3366 Augustini,
734 3309 767 3350 ex
782 3293 880 3350 inedita
902 3294 1017 3371 quadam
1031 3290 1163 3367 Fulgentii
1183 3295 1327 3368 scriptione
1340 3296 1437 3368 prodit
1451 3291 1517 3352 inde
1536 3311 1600 3351 uero
1616 3311 1668 3351 uon
1683 3295 1772 3350 minus
1783 3308 1924 3354 commen·

277 3387 382 3446 danum
396 3385 466 3445 idem
483 3381 596 3456 liemor,
611 3386 682 3458 quod
697 3386 847 3462 Augustino
862 3385 977 3444 amicitia
992 3396 1020 3446 ct
1033 3387 1185 3444 litterarum
1196 3387 1286 3461 olhcio
1298 3387 1457 3459 conjunctus
1471 3387 1550 3443 luerit
1562 3405 1570 3441 ι
1584 3386 1619 3444 (11
1630 3402 1684 3458 qno
1700 3395 1810 3442 sanctus
1827 3386 1925 3440 hoctor

276 3485 386 3555 inlibro
401 3486 488 3558 primo
501 3491 596 3543 contra
610 3483 762 3554 lulianum,
784 3485 865 3558 «Ego
879 3494 953 3545 certe
966 3484 1052 3543 beatae
1067 3486 1205 3542 memorie
1225 3482 1352 3540 llemoris
1372 3481 1455 3556 pratris
1470 3476 1507 3538 tui
1521 3497 1575 3537 uon
1595 3481 1746 3548 immemor,
1762 3477 1809 3552 qui
1823 3493 1925 3536 mecum

276 3595 332 3644 nou
346 3595 458 3654 parram
473 3574 569 3636 inierat
583 3577 728 3657 amicitiam
740 3577 874 3651 colloquio
889 3578 1049 3644 litterarum,
1064 3587 1144 3650 teque
1157 3578 1247 3650 ipsum
1257 3575 1323 3632 mibi
1336 3575 1524 3632 charissimum
1540 3571 1641 3630 iecerat
1652 3593 1661 3627 r
1674 3569 1782 3651 (Supra,
1791 3567 1927 3628 contren-

277 3672 355 3740 ihur..
369 3672 412 3731 lii.
428 3673 455 3740 l,
470 3689 497 3728 n.
512 3670 569 3746 ie).
594 3671 688 3731 Exstat
700 3671 780 3728 etiam
800 3685 871 3728 nunc
890 3672 989 3742 scripta
1004 3671 1114 3729 llemori
1125 3672 1248 3742 epistola,
1263 3671 1333 3726 inter
1344 3667 1552 3740 Augustinianas
1562 3663 1658 3724 ordine
1668 3665 1817 3723 cerrtesiura
1832 3667 1924 3741 prima.

276 3764 422 3828 llemorem
438 3763 567 3840 Ughcllus
577 3763 711 3839 Cepuenis
723 3763 869 3839 episeopis,
882 3763 1086 3841 haudquaquam
1099 3771 1188 3821 tarrren
1202 3762 1257 3821 ulla
1271 3760 1365 3820 idonea
1379 3763 1538 3820 auctoritate
1550 3760 1645 3827 hctus,
1658 3758 1788 3834 adjungit,
1802 3761 1925 3832 proximo

277 3866 339 3936 post
351 3857 520 3916 vincentium
534 3857 605 3929 loco,
623 3857 669 3933 goi
683 3852 841 3914 Vincentius
856 3873 888 3914 ex
900 3857 1039 3915 Athanasii
1055 3857 1166 3914 historia
1177 3856 1341 3930 percelebris
1354 3865 1405 3923 est,
1418 3872 1480 3912 enm
1495 3870 1649 3912 recensens.

313 3949 397 4011 Natus
408 3958 451 4011 est
464 3947 585 4014 lulianus
598 3949 625 4006 in
639 3949 753 4020 Apulia,
768 3957 836 4008 teste
849 3951 997 4022 Augustino
1012 3947 1111 4024 (infra,
1128 3949 1220 4022 Operis
1232 3952 1335 4024 imperf.
1351 3949 1395 4006 111.
1409 3949 1437 4016 1,
1451 3965 1509 4024 cap.
1526 3946 1589 4021 l8);
1605 3943 1716 4002 forsitan
1732 3941 1863 4014 Eculaui,
1880 3959 1925 4002 seu

277 4044 392 4112 Ecltui;
405 4046 532 4103 durren
542 4044 607 4107 urbs
621 4043 678 4112 illa,
690 4043 745 4116 iuni
758 4044 820 4100 inde
832 4059 850 4104 tt
864 4045 990 4102 trecentis
1002 4046 1082 4104 anuis
1094 4042 1247 4116 Campaniae
1263 4044 1366 4103 inclusa
1381 4043 1488 4110 linibus,
1504 4041 1555 4098 boc
1569 4041 1677 4098 rtomine
1690 4039 1831 4098 iocabatur
1840 4039 1926 4098 adhuc

278 4129 308 4196 iu
320 4137 435 4212 Apulia,
447 4137 521 4208 quod
533 4136 599 4197 alim
611 4137 681 4194 inter
693 4135 797 4212 Apulire
809 4135 891 4194 urbes
905 4147 1046 4196 numerata
1061 4135 1167 4194 luisset.
1179 4136 1281 4194 liemor
1297 4137 1355 4209 eius
1370 4147 1456 4208 pater,
1470 4151 1521 4207 qua
1534 4147 1591 4192 erat
1604 4134 1722 4211 pietate,
1737 4133 1823 4192 lilium
1836 4134 1870 4190 ad
1883 4149 1927 4190 ec

279 4231 391 4300 ciceiam
403 4247 484 4308 querit
497 4231 613 4302 primum
633 4229 711 4296 tulit,
724 4230 802 4305 eique
815 4229 902 4286 adhuc
914 4229 1010 4290 inlanii
1025 4231 1155 4307 Baptismi
1173 4231 1289 4304 gratian
1302 4229 1360 4290 dani
1375 4231 1460 4286 voluit
1472 4229 1573 4302 (Supra
1592 4238 1682 4283 contre
1693 4224 1816 4299 Julian,
1836 4225 1882 4283 111.
1899 4226 1924 4290 1,

279 4326 455 4400 Misiche,
471 4325 561 4400 Operis
575 4325 679 4399 ingess.
693 4323 738 4380 lib.
747 4322 779 4392 2,
788 4339 846 4394 cap.
860 4324 1157 4396 1.),111111111111111)
1166 4325 1258 4398 gratiae
1271 4340 1351 4398 qaam
1366 4332 1439 4382 esset
1450 4323 1682 4392 iuturusingratus
1693 4340 1702 4374 r
1714 4319 1828 4391 (Supra,
1839 4329 1926 4376 corrtrn

278 4415 394 4486 lulium,
411 4415 493 4486 1111,
509 4435 537 4474 n.
550 4417 608 4488 ll).
633 4416 701 4473 lluic
720 4416 842 4479 attribuit
863 4416 1018 4479 Gennadius
1041 4420 1176 4490 ingenium
1190 4434 1274 4490 acte,
1294 4435 1419 4490 magnam
1430 4433 1566 4478 sacrarum
1582 4415 1780 4488 Scripturarum
1793 4415 1925 4490 cognitio-

279 4529 358 4584 nem,
374 4524 482 4587 tamque
497 4512 670 4584 multiplicem
683 4512 859 4569 eniditlonem
874 4513 1025 4570 litterarum
1039 4529 1189 4584 graecarum
1205 4524 1233 4572 et
1247 4515 1404 4580 latbrarum,
1418 4521 1449 4570 ut
1459 4511 1591 4576 inmune,
1604 4513 1758 4582 priusquam
1773 4509 1925 4585 Pelagiane

279 4606 392 4664 haeresis
404 4607 431 4664 in
446 4622 480 4664 eo
494 4601 741 4678 deprehenderetur
758 4603 894 4680 implerer,
908 4605 1015 4668 celebre
1027 4607 1078 4668 sibi
1090 4623 1189 4666 nomen
1205 4608 1276 4666 inter
1290 4607 1419 4665 scelere
1432 4607 1558 4666 doctores
1570 4605 1733 4677 compararit
1745 4603 1855 4680 (infru,
1870 4605 1925 4678 Ap

279 4699 358 4775 pend.
372 4707 445 4771 perte
457 4698 497 4771 1).
513 4698 653 4755 llercatori
668 4710 755 4755 tamen
770 4697 841 4756 baud
856 4701 953 4771 injuria
970 4699 1077 4766 dicitur,
1094 4717 1105 4752 1
1118 4699 1226 4755 horrida
1241 4700 1412 4774 loquacitate,
1428 4718 1439 4752 r
1454 4714 1515 4754 cum
1528 4699 1659 4755 aduersus
1673 4699 1856 4769 Augustinum
1869 4698 1924 4753 dis·

279 4801 393 4862 sereret,
411 4799 576 4866 «evagatus,
591 4791 722 4851 disertum
735 4807 767 4851 se
777 4793 863 4868 magis
880 4801 1019 4854 1111111111
1029 4801 1058 4850 11
1069 4793 1181 4850 sciolum
1195 4794 1289 4852 volem
1308 4813 1319 4847 r
1336 4792 1444 4868 (loidi.
1456 4791 1545 4864 ipsun
1562 4793 1668 4848 etiama
1682 4792 1816 4864 Prospero
1831 4802 1925 4864 putam
1976 4800 1977 4809 ¹

281 4883 450 4958 designatum
465 4882 551 4940 luisse
562 4882 614 4939 boc
628 4883 771 4952 versiculo,
787 4885 832 4960 qui
848 4885 925 4940 simul
940 4895 968 4942 et
980 4887 1041 4956 eius
1051 4885 1219 4960 episcopatus
1233 4885 1338 4952 locum,
1357 4894 1384 4941 et
1395 4883 1530 4948 scribendi
1542 4883 1729 4940 characterem
1743 4897 1775 4939 ac
1786 4883 1924 4955 ingenium
1975 4874 1976 4911 ³

280 4977 382 5038 releme
394 4987 474 5052 atque
488 4976 600 5034 innuere
612 4973 736 5035 videtur:

646 5073 692 5121 Aul
701 5065 758 5122 huic
767 5075 885 5136 mnrpuno
895 5069 1007 5134 gramina
1017 5067 1091 5120 corda
1105 5069 1210 5120 tument
1973 5120 1974 5133 ,

279 5157 365 5230 Quem
376 5171 482 5214 mrsum
502 5153 618 5228 Prosper
640 5155 668 5213 in
681 5153 815 5214 Chronico
837 5153 1059 5228 jactantissimum
1080 5150 1216 5224 Pelaglnnl
1234 5151 1335 5209 erroris
1355 5161 1520 5209 assertorem
1539 5153 1656 5224 appellnt
1683 5146 1790 5225 (11111).
1809 5147 1926 5209 &nctus
1972 5174 1973 5197 1

279 5266 387 5327 quoque
399 5249 563 5324 Augustinus
575 5249 662 5322 ipsum
678 5251 774 5306 merito
788 5247 847 5321 jure
868 5245 1124 5319 nominntlnrenem
1145 5243 1418 5303 corruentisssinum
1433 5237 1645 5320 (supremum
1663 5244 1808 5311 lullonum,
1830 5242 1924 5310 1111,
1971 5312 1972 5327 ἶ

280 5364 309 5405 rr.
322 5343 381 5419 sup
394 5353 475 5417 atque
495 5360 555 5402 eom
569 5343 670 5416 lingua,
686 5357 766 5414 quarn
786 5351 876 5398 mente
890 5341 975 5412 magis
983 5338 1100 5397 valuisse
1113 5339 1209 5396 asserit
1228 5335 1326 5412 (lupa,
1339 5339 1431 5413 Operis
1444 5336 1554 5411 lmpers.
1571 5339 1615 5394 111.
1630 5339 1657 5407 3,
1669 5355 1726 5412 cop.
1744 5337 1789 5410 se)
1804 5353 1813 5391 r
1834 5353 1852 5394 a
1872 5352 1926 5408 qno

279 5446 309 5498 11
321 5437 428 5505 dicitur,
441 5454 452 5491 r
467 5435 494 5493 in
509 5436 688 5513 disputatione
713 5435 925 5510 loquacissimus,
953 5432 980 5489 in
1009 5434 1183 5491 contentione
1205 5433 1473 5502 calumniosissimus,
1486 5431 1514 5488 ln
1529 5429 1696 5504 prolesslone
1709 5431 1899 5488 lalacissimus
1913 5449 1923 5483 r
1969 5436 1971 5507 j

294 5529 363 5588 ibid.
378 5531 422 5588 111.
437 5527 603 5602 reapse).
1054 5598 1058 5603 ¹

281 5531 293 5609 ί
317 5621 383 5679 Cum
397 5621 538 5693 aetatejam
551 5616 641 5677 adulta
653 5627 735 5687 esset,
750 5619 774 5678 ei
789 5629 865 5692 pater
876 5633 987 5676 uxorem
999 5616 1091 5687 dedit:
1115 5624 1281 5691 lestamrqne
1294 5619 1417 5691 plurilms
1429 5619 1495 5677 locis
1510 5615 1672 5691 Augustinus
1693 5614 1769 5676 illurn
1786 5617 1926 5690 conjugali
1968 5640 1969 5671 i

279 5711 388 5770 vinculo
400 5711 481 5769 luisse
495 5711 651 5770 adstrictum
665 5710 774 5784 (Supra,
787 5701 1032 5780 conrciniio'num,
1058 5709 1103 5768 nl.
1117 5709 1145 5780 3,
1157 5729 1201 5767 nn.
1212 5711 1258 5776 28,
1272 5709 1318 5779 id,
1330 5710 1448 5784 passim).
1468 5709 1615 5767 Fatendum
1627 5718 1670 5769 cst
1684 5719 1767 5778 uerte,
1786 5723 1850 5766 curn
1866 5709 1926 5781 ejus
1967 5738 1968 5779 ,

281 5797 380 5861 nmilia
395 5801 620 5859 necessituthnem
634 5801 745 5857 Paulino
761 5800 1007 5873 episcopoNolensi
1019 5803 1203 5860 intercessisse
1226 5802 1306 5873 longe
1317 5802 1512 5870 arctissimam
1527 5801 1743 5876 quandoquidem
1766 5801 1813 5857 bic
1837 5817 1871 5860 se
1885 5801 1928 5858 in·
1966 5842 1967 5873 ÷

282 5891 394 5965 dignum
409 5893 519 5950 minime
534 5891 645 5963 putarit,
661 5893 767 5966 nuptias
779 5893 851 5952 rlltus
865 5894 909 5967 pio
922 5896 1104 5968 epithalamio,
1116 5894 1188 5967 quod
1202 5893 1273 5950 inter
1289 5895 1373 5966 ipsius
1397 5909 1480 5966 opera
1491 5894 1624 5968 bodiegoa
1646 5896 1754 5968 legitur,
1769 5893 1925 5990 celebrere
