4009 6375
248 496 1038 577 dumtmiwottriialospottrtittclittidisctedcrse·

248 596 309 637 ssrrt
321 578 377 651 agri
388 580 437 635 :itt
449 575 543 633 sudoro
552 576 635 633 nultos
645 574 682 631 ttti
694 572 752 631 edes
764 588 855 643 portent
868 584 949 655 tortor,
959 570 1040 625 donec

241 650 381 709 ’πυετιεήε
397 650 425 703 in
443 658 537 703 terrant
554 648 586 703 dc
601 664 651 718 gott
669 652 786 716 sonrpttts
799 658 841 710 cs,·
853 658 912 715 gato
925 650 992 699 terro
1003 658 1040 710 cs,

248 731 272 777 et
286 722 312 777 in
326 732 418 775 ιεπεηι
429 720 476 776 ilis
490 716 565 793 (Gen.
580 734 618 783 nt,
631 714 735 786 tots).
749 715 805 771 llac
820 730 869 771 tros
880 729 966 785 ptertar
980 729 1042 771 seo·

248 793 332 849 tentia
347 792 493 863 colligatos,
510 789 566 859 ipsa
585 788 634 845 sibi
653 788 768 844 hnmana
785 796 879 841 natttra
898 794 980 840 totum
993 799 1042 856 per

249 863 342 923 orbem
354 873 484 919 terrarum
499 860 592 919 dillusa
606 859 785 936 testimonium
795 856 928 930 perlrilret,
939 856 1002 911 dum
1013 869 1043 910 se

287 935 369 991 tornis
383 934 543 991 crttciotibtts
564 942 663 989 sottctoe
677 932 683 985 1
720 932 742 984 is
757 926 909 987 testimonio
921 926 1043 1000 perridet

279 1006 384 1061 horare.
397 1004 472 1072 Quod
482 1020 534 1075 qua
543 1002 656 1074 justitia,
668 1002 690 1056 si
722 1001 823 1055 :orodes
836 1000 937 1069 peccati
948 1014 1044 1079 pareu-

249 1086 307 1133 tum
330 1092 383 1131 nou
407 1090 511 1139 santus,
534 1072 683 1145 patiamur?
702 1072 729 1127 Si
751 1072 826 1127 rolris
848 1068 911 1125 solis
933 1077 1043 1138 aantm

250 1144 403 1218 suppeditat
422 1146 558 1210 naturalis,
574 1160 624 1215 qna
642 1144 753 1213 justiora
772 1142 827 1197 sint
842 1140 940 1210 judicia
956 1149 1043 1195 restra

250 1234 331 1289 guam
346 1218 403 1285 llei,
419 1218 488 1273 iuter
503 1232 552 1271 nos
563 1225 590 1273 et
604 1216 686 1271 ileum
698 1214 846 1271 residentes
866 1212 893 1265 in
911 1211 1043 1279 superate

251 1289 321 1347 sotto
338 1288 464 1359 judicate.
476 1286 581 1343 Nullum
595 1288 666 1341 onim
682 1284 815 1340 lrottritreut
829 1292 882 1337 tant
896 1292 1043 1338 amatorem

252 1361 294 1415 rcl
309 1358 478 1415 defensorem
495 1359 535 1414 sni
555 1357 664 1421 erroris,
677 1356 710 1411 od
728 1354 772 1411 Dei
784 1354 884 1425 judicia
895 1350 1044 1434 reprelien-

252 1430 350 1496 denda,
365 1430 407 1485 vel
425 1430 504 1485 etiarn
520 1427 662 1485 refellenda
677 1425 800 1483 dialrolns
814 1425 899 1495 potuit
913 1426 1042 1490 iuventte,

251 1501 304 1559 uisi
317 1502 450 1570 Pelagium
463 1510 490 1557 et
503 1498 657 1557 Coelestinm
678 1512 753 1553 nono
774 1496 840 1566 legis
857 1496 917 1565 jura
937 1492 1045 1551 traden-

251 1583 304 1631 tes.
317 1572 402 1627 Adam
424 1572 503 1643 igitur
523 1572 606 1625 iactos
627 1577 669 1624 cst
686 1568 786 1638 absque
805 1575 912 1636 peccato
927 1574 1043 1621 natura:

252 1658 313 1699 cnm
324 1659 387 1699 tero
402 1642 521 1713 peccavit
535 1643 625 1704 honio,
640 1648 733 1693 natura
748 1639 875 1708 peccarit.
886 1644 914 1691 et
924 1634 992 1691 lacta
1004 1644 1046 1690 est

252 1723 346 1771 natura
358 1716 413 1783 jam
511 1713 572 1777 trix,
591 1712 617 1765 ld
634 1720 686 1776 est,
702 1712 793 1765 titium
810 1708 911 1765 habens
931 1707 1043 1776 pcccati,

252 1799 306 1842 non
327 1787 382 1855 ipsa
399 1800 415 1840 e
436 1794 493 1839 ecta
508 1783 601 1839 ritlnm
616 1780 655 1836 rel
672 1792 819 1849 peccatum.
831 1780 894 1833 Post
907 1785 1045 1848 peccatum

252 1871 317 1926 ergo
332 1856 412 1910 homo
425 1864 549 1924 peccator
562 1854 648 1911 dictos
661 1861 711 1918 cst,
728 1866 779 1906 non
796 1852 876 1905 lrotno
896 1857 1044 1919 peccatum.

252 1926 380 1983 Peccator
393 1928 463 1982 enirn
476 1941 492 1980 a
505 1924 654 1995 peccando,
668 1938 722 1978 non
733 1922 814 1977 lrorno
826 1936 841 1975 a
854 1919 989 1993 peccando
1002 1917 1045 1973 di·

251 1998 321 2054 citur
334 2000 353 2051 ¹.
366 1996 399 2053 Et
415 1997 474 2051 ideo
494 2006 617 2065 peccator
630 1993 711 2049 homo
724 1993 816 2064 gennit
829 1990 975 2055 homiuem,
986 2004 1046 2045 stne

252 2066 335 2125 dnbio
356 2076 521 2139 peccatorem
534 2084 541 2121 :
556 2068 617 2139 qnia
639 2065 674 2122 tle
692 2072 797 2131 natura,
812 2072 841 2118 nt
854 2062 919 2127 diri,
936 2069 1046 2132 peccato

251 2139 355 2205 vittata,
369 2140 473 2195 nonnisi
490 2146 583 2193 natura
598 2143 717 2193 nascitur
730 2136 836 2197 uitiosa,
853 2132 932 2188 idest
950 2146 1045 2203 pecca·
1065 2161 1069 2171 ·

251 2212 320 2277 trix,
333 2210 478 2267 seeundum
492 2210 562 2281 qnod
576 2210 612 2263 sit
623 2206 759 2279 apostolos
771 2205 879 2271 Paulus,
892 2202 981 2269 Qualis
996 2212 1046 2256 ter·

251 2297 338 2347 rotor,
351 2284 413 2336 tales
426 2291 448 2337 ct
461 2280 553 2338 lenoni
564 2276 585 2353 11
600 2278 658 2335 Cor.
669 2294 714 2344 xv,
725 2276 782 2349 ts).
794 2276 828 2331 Et
838 2274 889 2331 hoo
898 2272 1044 2345 qnorttodo,

249 2353 305 2407 nisi
319 2368 365 2421 per
376 2352 486 2407 serrrlnis
497 2346 683 2420 sparsionernt

287 2420 401 2479 CAPUT
421 2423 453 2477 11.
473 2451 508 2461 -
525 2422 553 2475 i.
573 2420 624 2477 Setl
638 2420 678 2474 ais
690 2417 754 2474 milri
769 2416 903 2475 ediverso
917 2416 1045 2472 ueniens:

255 2492 351 2564 «Ergo
372 2508 464 2549 semen
487 2498 624 2561 paccatum
647 2490 708 2545 ostl
725 2509 735 2541 r
751 2488 809 2545 lam
830 2488 952 2559 superius
971 2486 1044 2551 dixi,

252 2565 314 2633 quia
328 2578 388 2619 curo
404 2562 524 2633 peccarit
537 2562 626 2630 homo,
642 2570 736 2617 tratura
750 2561 880 2631 peccarit,
894 2558 970 2628 cnjus
984 2566 1047 2613 suot

252 2635 365 2690 sentina.
376 2633 410 2689 tn
420 2649 510 2689 semen
526 2648 589 2703 ergo
603 2633 724 2687 vitiatum
737 2640 788 2692 est.
804 2646 856 2689 non
869 2630 980 2695 vitium;
994 2629 1047 2683 sic-

251 2715 282 2759 nt
296 2706 488 2775 scriptumest,
503 2703 594 2759 Samen
609 2704 676 2759 enirn
689 2700 850 2757 maledictam
864 2710 918 2755 erat
930 2700 961 2754 ult
973 2700 1047 2754 initio

253 2772 330 2847 (Sap.
343 2790 389 2839 (ιι,
402 2774 458 2847 lt).
470 2774 638 2831 Maledictum
658 2772 781 2829 videlicet
803 2784 861 2841 post
883 2778 1020 2841 peccatum
1038 2789 1045 2825 ε

252 2846 325 2915 quia,
342 2845 489 2913 Maledicta,
504 2840 599 2917 inquit,
615 2856 680 2899 terro
694 2846 721 2898 in
733 2844 849 2915 operibus
863 2844 923 2897 tnis.
937 2841 989 2897 Sed
1004 2841 1046 2895 vi·

251 2916 318 2971 tium
333 2932 385 2971 non
404 2924 492 2987 potest
508 2918 576 2971 tralti
592 2916 759 2987 protoplasti,
779 2929 864 2985 ireque
878 2927 938 2969 esse
952 2911 1044 2979 horno,

252 2988 304 3043 nisi
325 2989 436 3044 sentinis
459 2986 590 3042 allusione
604 2987 625 3039 ¹.
641 2986 716 3055 Quod
739 2985 881 3041 conlirmat
902 2982 1047 3055 Apostolus

252 3056 344 3114 diosus
356 3076 362 3112 :
374 3054 427 3113 Per
441 3074 519 3113 annot
533 3058 659 3113 nominent
673 3058 775 3112 intrauit
789 3065 919 3127 peccarunt
931 3056 958 3109 in
970 3071 1046 3108 mon·

252 3130 323 3194 dnm,
337 3139 360 3185 et
373 3146 418 3202 per
432 3137 559 3202 peccamen
580 3146 666 3200 mors,·
680 3138 704 3185 ct
727 3128 762 3181 ito
783 3130 810 3181 iu
829 3143 914 3181 onnres
934 3125 1047 3180 ltondncs

251 3217 321 3256 mors
339 3199 508 3270 perarortsioit,
526 3201 552 3256 in
571 3217 621 3271 quo
639 3217 725 3254 ontner
737 3211 899 3268 preccoocrnnt
916 3197 1004 3271 (Rom.
1018 3213 1044 3264 tt,

251 3273 286 3328 li
299 3273 318 3344 ).
337 3271 415 3329 Solus
442 3282 530 3330 autern
551 3272 680 3328 Dominus
699 3270 776 3326 lesos
795 3269 918 3326 (ilrristns
945 3269 1047 3340 absque

251 3345 357 3399 sentino
369 3359 401 3400 cx
415 3345 517 3413 virgine
538 3343 621 3400 lactus
635 3352 676 3398 est
697 3344 786 3404 ltonto,
804 3350 833 3396 et
845 3355 940 3410 espiers
954 3339 1047 3396 delicti

252 3425 332 3496 natus
345 3421 386 3470 est
396 3413 468 3470 Dens
480 3425 506 3469 et
523 3415 612 3468 lromo.
624 3413 707 3470 lindis
723 3413 810 3538 insane
824 3428 873 3482 per
893 3427 973 3466 unum
994 3411 1045 3467 ho·

251 3499 352 3540 minem
373 3496 510 3555 pecoatnm
531 3487 645 3540 intrasse
659 3486 684 3538 in
697 3499 759 3538 mon
780 3498 836 3548 nrn,
850 3493 877 3538 ει
890 3498 937 3551 per
950 3497 1044 3552 pecca·

251 3567 309 3612 tutn
319 3565 433 3612 mortem
443 3573 450 3622 ;
462 3565 489 3610 et
501 3557 535 3610 ita
546 3555 572 3610 io
583 3570 677 3612 omnes
688 3555 809 3609 lromines
821 3555 1006 3623 pertransisse,
1019 3552 1046 3607 irr

249 3643 306 3696 ipro
326 3642 419 3682 omnes
441 3635 616 3696 peccaverunt
630 3645 636 3680 t
650 3633 679 3682 et
696 3627 779 3688 andes
792 3626 892 3688 dicere,
909 3622 1044 3689 lrauetice,

252 3716 261 3750 r
278 3698 345 3754 aaa
359 3708 495 3768 peccatum
510 3696 574 3753 nulli
589 3695 639 3754 nisi
660 3697 710 3752 soli
722 3694 813 3758 plicuit
834 3695 900 3766 ipsi?
915 3714 924 3747 r
939 3693 973 3750 Et
984 3710 1047 3750 rere

250 3778 316 3825 tnnc
331 3769 381 3824 soli
401 3770 501 3836 nocuit,
516 3783 577 3824 cnm
592 3769 664 3824 solus
678 3775 750 3825 esset
764 3767 831 3837 ipse,
845 3775 872 3822 et
885 3767 937 3820 Eva
952 3765 1048 3822 mulier

250 3839 320 3909 ejus.
335 3840 389 3896 Sed
404 3840 430 3895 in
446 3839 496 3896 illis
511 3841 570 3895 unis
584 3855 678 3894 omnes
690 3855 807 3900 eramus,
818 3837 878 3920 quia
892 3849 986 3892 natura
997 3836 1047 3919 ltn-

251 3911 323 3966 triani
337 3912 443 3984 generis
457 3919 542 3976 erant,
557 3912 625 3966 sicut
638 3925 709 3966 nnnc
723 3909 750 3982 io
770 3909 846 3966 nobrs
865 3908 989 3964 ornnibus
1008 3909 1046 3963 rlli

251 3982 297 4037 uni
312 3991 383 4042 sunt,
395 3984 455 4052 grtia
469 3991 560 4036 natura
575 3998 666 4036 corntn
681 3997 782 4036 santus.

288 4051 402 4108 CAPUT
422 4051 464 4108 lll.
483 4081 519 4094 -
537 4053 564 4107 ὅ.
584 4052 635 4106 Sed
665 4052 859 4122 respondentes
884 4049 988 4114 dicitis,
1018 4059 1047 4104 nt

253 4121 342 4180 dicere
362 4124 532 4179 consuestis:
552 4125 717 4193 ‹Apttstolns
736 4125 758 4178 si
777 4123 904 4177 toltrisset
923 4121 1044 4190 intelligi,

252 4193 313 4262 qnia
327 4209 374 4263 per
386 4195 517 4254 serninnm
530 4193 730 4262 conceptionem
742 4192 846 4248 dicebat
861 4203 997 4262 peecatum
1019 4193 1045 4246 in

253 4277 347 4320 omncs
360 4265 483 4320 ltotttiues
496 4266 680 4334 pertransisse,
696 4279 749 4319 nou
768 4281 812 4335 per
829 4279 907 4317 nnnrtr
920 4263 1046 4317 ltonrirtent

253 4335 372 4398 dixisset,
389 4335 447 4401 sed,
463 4335 513 4390 Per
525 4335 592 4392 duos
605 4333 737 4403 ltornincs,
756 4336 815 4405 troia
830 4335 888 4390 sine
903 4332 998 4388 lentina
1012 4333 1046 4388 de

252 4407 311 4462 solo
322 4409 439 4464 masculo
453 4405 533 4461 horno
545 4407 616 4462 trasei
631 4422 684 4461 ntro
697 4413 793 4478 potest.
813 4423 823 4458 r
839 4406 866 4461 Si
882 4403 969 4459 cordis
983 4419 1047 4458 ocn-

253 4475 293 4531 los
307 4492 359 4533 non
372 4478 509 4543 arrrtsistis,
522 4477 650 4532 attendito
660 4477 759 4532 tlictutn
773 4491 842 4542 osse,
855 4473 916 4530 doru
926 4491 975 4529 nou
986 4484 1046 4529 snnt

204 4561 207 4570 ’
253 4547 314 4612 dno,
327 4549 372 4603 scd
390 4566 442 4604 uno
459 4565 519 4604 caro
530 4547 644 4675 gilsitis.
661 4564 715 4615 ιιι,
730 4549 773 4674 ᾖ,
789 4555 817 4603 ει
836 4549 943 4613 iterum,
962 4545 1047 4601 Erunt

253 4617 304 4671 duo
318 4621 344 4672 in
356 4635 431 4674 corne
444 4637 495 4674 urta
508 4622 517 4691 1
554 4637 595 4674 ert.
608 4634 638 4685 tt,
653 4617 717 4691 st).
755 4635 797 4675 atn
819 4619 889 4684 itleo,
902 4633 948 4689 por
966 4634 1046 4672 onom

253 4689 390 4754 dominam,
400 4690 467 4744 dixit
478 4690 630 4760 ApostolttS,
640 4691 701 4759 qnia
713 4703 773 4744 cntn
786 4690 812 4742 in
824 4691 880 4743 viro
891 4703 938 4742 sno
950 4689 1047 4744 mulier

252 4774 304 4814 una
323 4761 357 4814 sit
372 4775 443 4824 caro,
458 4763 484 4816 in
498 4761 600 4816 senrine
616 4761 755 4831 progenies
775 4763 929 4829 imputator.
948 4759 1046 4816 Attalite

252 4831 339 4886 adltuo
353 4838 380 4888 et
393 4832 473 4887 aliurn
488 4832 710 4902 sapientissimum
727 4831 859 4886 dicentem
879 4830 912 4885 ad
929 4839 1045 4886 vestram

252 4900 434 4959 confusionem
448 4900 508 4957 :Ec
520 4903 624 4956 muliere
635 4901 736 4956 rnitiron
749 4905 845 4974 frictum
859 4911 895 4956 est
909 4903 1046 4970 percutiet

253 4973 391 5042 perillam
417 4989 502 5029 omnes
526 4973 648 5028 morimur
671 4971 680 5046 (
692 4971 772 5027 Eccli.
793 4989 854 5034 xxv,
876 4969 943 5044 so).
965 4973 1043 5037 Ecce,

253 5043 388 5108 heretice,
412 5043 507 5100 lactum
529 5053 571 5100 est
593 5044 639 5100 tint
662 5045 737 5111 satis,
761 5059 807 5113 per
830 5043 899 5098 dnos
923 5045 1045 5099 homines

212 5151 217 5188 ·.
252 5115 280 5194 in
295 5114 438 5169 lrumanum
453 5128 538 5186 genus
551 5125 689 5185 peccatum
710 5115 751 5170 vel
774 5127 886 5170 mortem
906 5126 1044 5186 pertrans-

211 5205 218 5246 ,ξ
253 5197 315 5242 isse.

214 5273 219 5319 ·;
286 5253 401 5314 CAPUT
421 5254 464 5312 tt.
477 5286 515 5300 -
524 5255 552 5314 1.
564 5255 616 5312 Sed
629 5255 691 5328 quid
706 5255 793 5312 atllruo
805 5257 921 5313 dicturus
932 5256 979 5322 sis,
993 5257 1045 5312 sic·

251 5337 281 5380 nt
303 5327 395 5383 soletis
417 5327 518 5394 dicere,
539 5329 611 5384 noti.
629 5346 639 5382 t
657 5329 807 5394 Pet-catum,
825 5345 835 5380 r
853 5329 951 5398 itaquis,
969 5347 980 5380 r
996 5343 1046 5401 per

252 5411 335 5452 turum
349 5397 485 5455 hominem
502 5403 530 5456 in
550 5399 677 5456 mundum
698 5399 821 5463 intrasse.
835 5400 977 5466 apostotus
990 5414 1044 5454 non

253 5469 363 5524 sericinis
376 5472 575 5540 propagatione,
589 5472 636 5527 sed
656 5485 760 5526 morunt
781 5471 927 5526 imitatione
940 5470 1016 5524 dixit.
1031 5488 1041 5523 r

254 5539 412 5610 ltesportdeo
425 5559 432 5596 ι
446 5540 474 5598 Si
488 5553 627 5613 peccatum
641 5555 745 5598 ntorum
761 5541 907 5597 imitatione
919 5551 1042 5608 constat;

285 5758 873 5848 :spemrrptapprpoecoraoaoooe

270 5873 275 5885 ‚
306 5823 455 5892 sesemen
475 5825 571 5894 qnidam
584 5825 709 5880 sentin
725 5839 784 5876 reto
806 5825 1046 5890 monocolornort

253 5883 540 5954 stneoeooorepnaone.

849 397 1054 459 cassanicis
1070 394 1161 455 PARS
1174 394 1291 454 aaut.

1096 512 1176 583 ouem
1189 496 1318 583 ‘imitatus
1337 501 1383 582 est
1397 496 1529 566 diabolus.
1548 506 1580 559 ut
1599 498 1782 585 ddlogttflet,
1794 498 1887 573 dieite,

1095 586 1142 641 gut
1155 585 1259 641 primns
1271 579 1404 627 totenttur
1418 580 1539 640 peccator
1552 572 1630 631 ossei
1640 571 1707 642 fleta
1719 574 1743 629 si
1753 572 1789 629 do
1801 572 1888 629 Adam

1096 641 1307 723 interrogavero,
1318 640 1513 711 respondebitis
1530 642 1651 711 forsitam
1664 644 1736 713 qnod
1749 644 1784 699 sit
1794 644 1890 701 diabo-

1097 711 1151 769 lum
1166 713 1293 769 imitatos.
1303 713 1378 780 Esto,
1388 712 1472 769 Adam
1483 723 1513 769 nt
1522 714 1798 785 peccaret,tlialrolnm
1807 712 1890 773 inisse

1097 784 1230 841 imitatum
1242 800 1249 838 t
1261 784 1340 842 dicite
1352 784 1427 848 nrilri,
1438 784 1562 841 diabolus
1571 802 1649 857 ouen
1661 786 1782 845 imitatus
1793 784 1889 853 inerim

1115 856 1158 981 “a
1170 856 1891 998 aaaronatarto-nccare

1403 967 1411 992 ,
1508 972 1513 980 .
1589 947 1598 984 t
1625 947 1642 984 r

1097 998 1183 1066 Quem
1198 999 1268 1053 cnirn
1282 998 1377 1053 dicturi
1390 998 1454 1055 estis
1468 998 1598 1055 imitatnrn
1614 1002 1706 1064 inisse,
1720 1016 1782 1057 cnm
1797 1010 1891 1055 auctor

1097 1069 1138 1124 nri
1159 1068 1249 1135 lapsus
1262 1069 1320 1137 ipse
1333 1070 1385 1125 siti
1397 1069 1483 1125 ddam
1500 1082 1574 1127 corte
1587 1086 1722 1141 necessse,
1736 1070 1806 1127 nihil
1819 1070 1891 1126 aliud
1913 1072 1921 1091 ⁵

1097 1139 1212 1209 legimns
1233 1140 1260 1193 in
1279 1140 1348 1195 libro
1359 1140 1504 1207 Gerreseos,
1514 1142 1566 1197 uisi
1580 1142 1652 1214 qood
1666 1141 1823 1199 inobediens
1842 1158 1891 1197 ett-

1098 1210 1166 1267 stitit
1175 1210 1293 1265 ditinum
1302 1226 1410 1269 servam
1422 1222 1594 1283 preceptum.
1606 1213 1744 1283 Cainergo
1757 1214 1892 1283 primoge-

1073 1326 1080 1339 .
1098 1282 1170 1337 nitus
1181 1281 1320 1351 filiuseius
1332 1298 1411 1351 utrem
1424 1283 1460 1339 sit
1473 1284 1600 1349 inrintus,
1613 1284 1679 1341 dnm
1696 1284 1805 1339 tratrem
1818 1286 1891 1339 occi·

1098 1349 1139 1407 dit
1156 1350 1241 1422 (Gen.
1254 1367 1290 1419 ιι,
1304 1352 1322 1409 8
1336 1353 1357 1425 1,
1379 1354 1550 1411 nomicidium
1573 1355 1671 1417 lacero.
1694 1364 1724 1411 ut
1744 1354 1892 1413 oswndatis

1099 1422 1244 1493 interrogo.
1254 1423 1372 1491 Quatuor
1382 1426 1453 1480 enirn
1465 1426 1545 1481 luisse
1555 1434 1619 1482 tnnc
1629 1426 1753 1482 homiues
1766 1426 1891 1495 legimns,

1098 1493 1184 1548 Adam
1199 1494 1301 1549 scilicet
1311 1506 1339 1550 et
1352 1495 1444 1562 Eram,
1462 1495 1550 1565 oiston
1564 1498 1640 1564 Cain,
1654 1507 1683 1553 ct
1695 1497 1763 1553 Abel
1782 1498 1892 1552 lrattem

1098 1564 1165 1633 ejus,
1180 1574 1209 1621 et
1228 1580 1262 1620 es
1284 1564 1325 1620 his
1348 1568 1483 1623 nentinem
1507 1565 1602 1626 iecisse
1617 1568 1703 1635 primo
1716 1567 1893 1624 nomicidium

1099 1632 1260 1701 invenimus,
1287 1636 1347 1703 nisi,
1370 1646 1399 1693 nt
1420 1638 1488 1701 diti,
1506 1636 1582 1706 Cain.
1597 1638 1646 1706 orp
1665 1654 1739 1709 ergo,
1753 1640 1892 1707 ltaeretice,

1098 1705 1170 1763 unde
1181 1706 1232 1761 lroc
1245 1706 1379 1775 didicerit,
1389 1724 1503 1779 attentos
1518 1708 1597 1765 luerit
1610 1710 1738 1779 inritatos,
1750 1710 1774 1765 si
1787 1724 1893 1765 ntorum

1098 1791 1131 1833 cx
1146 1777 1232 1833 altero
1246 1778 1274 1833 itt
1286 1778 1400 1835 alternat
1416 1782 1529 1835 transire
1540 1789 1647 1838 cotrstat
1664 1781 1813 1838 inritatione
1827 1796 1894 1850 pce·

1098 1856 1197 1913 catum,
1216 1857 1245 1903 et
1265 1864 1317 1903 non
1337 1852 1511 1920 conceptione
1528 1859 1706 1909 concoctum.
1719 1852 1806 1908 Omne
1818 1854 1893 1909 euim

1098 1918 1170 1988 qrrtnl
1183 1917 1340 1975 imitandum
1353 1931 1406 1987 est,
1417 1933 1463 1976 ant
1475 1921 1579 1978 ridetur
1591 1924 1686 1989 oeulis,
1700 1934 1746 1979 aut
1757 1932 1832 1979 certa
1848 1938 1893 1979 re·

1098 1989 1198 2044 latione
1209 1992 1365 2059 concipitur.
1379 1994 1418 2047 ,ln
1431 1993 1570 2049 excusabis
1581 1992 1755 2049 botnicidinm
1765 2010 1819 2049 non
1830 2009 1894 2051 esso

1099 2060 1256 2129 peccatnrni
1269 2063 1301 2115 lit
1321 2061 1386 2131 prio
1404 2064 1535 2134 neqrriusl
1549 2064 1595 2119 llio
1613 2064 1680 2134 jam,
1693 2066 1737 2121 dic
1751 2066 1832 2121 totins
1853 2066 1895 2119 in-

1099 2132 1244 2201 terroganti
1266 2132 1341 2199 ntiiri,
1356 2134 1421 2187 Cain
1443 2150 1521 2205 garena
1538 2136 1644 2200 viderit,
1659 2150 1675 2189 a
1688 2152 1742 2205 gno
1753 2147 1895 2191 narratum

1098 2201 1212 2258 audierit
1237 2202 1409 2259 inurrieitlinrn
1434 2215 1626 2275 perpetratum.
1652 2207 1704 2263 Sed
1729 2207 1895 2263 ctrmtrictns

1098 2273 1206 2327 vinculo
1216 2274 1345 2340 veritatis,
1360 2290 1409 2331 oec
1418 2275 1526 2345 janttam
1539 2278 1727 2346 propositionis
1739 2288 1793 2333 tuae
1803 2286 1897 2347 poten·

1100 2352 1154 2399 tem
1169 2345 1308 2400 inveniens
1322 2348 1450 2412 esenntli,
1465 2348 1499 2402 ad
1511 2347 1621 2417 januam
1632 2348 1765 2404 serorortis
1777 2348 1896 2417 apostoli

1099 2413 1172 2469 Pauli
1187 2416 1336 2484 repedabis,
1350 2426 1379 2471 ut
1392 2417 1442 2473 iter
1455 2429 1569 2485 rectum,
1586 2420 1609 2474 si
1625 2420 1703 2485 selis,
1717 2420 1804 2488 possis
1816 2420 1895 2475 ince-

1099 2485 1174 2551 dere,
1188 2495 1268 2555 atone
1280 2487 1346 2542 milti
1361 2488 1535 2560 irrterrogaoti
1554 2490 1644 2547 dicere
1657 2490 1807 2548 ueritatem.
1821 2489 1896 2546 Vere

1098 2570 1152 2611 ttorr
1167 2570 1271 2611 morum
1285 2558 1440 2623 imitatione,
1452 2560 1500 2615 sed
1514 2560 1624 2617 seminis
1637 2561 1774 2629 sparsione
1785 2570 1897 2617 constat

1099 2642 1147 2695 per
1160 2642 1241 2681 unum
1257 2628 1394 2685 hominem
1415 2640 1553 2699 peccatum
1573 2632 1687 2687 intrasse
1705 2634 1732 2687 in
1749 2632 1894 2700 orandum,

1098 2705 1127 2753 ct
1136 2712 1184 2767 per
1193 2707 1327 2765 peceatum
1337 2709 1450 2755 mortem
1460 2721 1467 2767 ς
1478 2712 1506 2758 ει
1515 2702 1551 2757 ita
1559 2703 1585 2757 io
1594 2704 1818 2759 ornnesltomiues
1828 2719 1895 2773 per·

1100 2771 1236 2833 transisse,
1258 2770 1286 2825 io
1305 2786 1358 2839 ouo
1375 2786 1471 2827 omnes
1488 2783 1674 2843 peccaverunt.
1693 2774 1730 2829 Ex
1751 2784 1896 2844 peccatore

1097 2854 1164 2909 ergo
1180 2840 1276 2906 Adanu,
1294 2842 1415 2912 genitore
1434 2858 1493 2911 sno,
1512 2841 1577 2899 Cain
1595 2846 1695 2912 primns
1711 2856 1853 2915 peccatum
1868 2846 1896 2901 in

1099 2918 1176 2967 ntero
1188 2913 1281 2967 matris
1293 2914 1434 2975 corrtratit.
1447 2923 1474 2969 ct
1485 2916 1579 2970 tertius
1590 2914 1672 2971 borno
1683 2926 1815 2972 natusest
1828 2931 1896 2986 pec-

1098 2989 1219 3062 catores
1233 2991 1314 3039 utero
1325 2983 1393 3051 ejus.
1406 2984 1480 3039 llorrs
1495 2986 1599 3041 interna
1612 2987 1698 3055 patrio
1713 2995 1820 3056 peccato
1833 2995 1897 3043 erat

1096 3065 1152 3133 pam
1171 3052 1275 3133 captiva
1294 3052 1400 3109 diabolo
1414 3056 1433 3121 ¹,
1447 3056 1509 3111 inde
1521 3056 1637 3113 imbutos
1656 3066 1698 3113 est
1714 3058 1812 3123 selum,
1828 3058 1897 3114 inde

1099 3122 1225 3178 tnvrdtam
1239 3122 1332 3179 halruit
1344 3136 1372 3181 et
1385 3126 1494 3181 livorem
1508 3145 1514 3180 :
1529 3128 1591 3183 inde
1603 3142 1657 3183 non
1676 3143 1780 3185 morum
1799 3128 1896 3185 inrita·

1099 3193 1172 3251 tione
1189 3195 1378 3262 honricidium,
1396 3197 1446 3254 sed
1462 3200 1596 3255 volontate
1610 3201 1789 3270 praecipitatos
1801 3199 1895 3256 adnui-

1098 3266 1144 3320 sit·
1157 3266 1207 3333 Qui
1221 3265 1293 3322 enim
1306 3282 1387 3325 unum
1401 3279 1550 3338 peccatum,
1569 3271 1594 3325 id
1615 3279 1656 3326 est
1675 3272 1807 3339 diabolus,
1819 3285 1896 3342 prse-

1097 3336 1278 3394 uaricantiltus
1314 3339 1389 3394 rimis
1410 3341 1506 3396 intlirtit
1525 3341 1688 3408 lrotniniltns,
1700 3343 1757 3412 ipse
1773 3357 1822 3412 per
1843 3343 1897 3398 ltoc

1098 3409 1169 3478 qnotl
1183 3423 1277 3464 ornnes
1292 3353 1402 3482 gisone
1415 3410 1484 3474 solo,
1497 3422 1618 3482 utsupra
1630 3413 1730 3470 dictum
1744 3422 1795 3477 est,
1809 3412 1895 3468 Clari-

1098 3475 1152 3551 sto)
1163 3481 1296 3534 nascendo
1311 3489 1459 3548 traxerunt,
1471 3482 1547 3539 illicit
1558 3485 1638 3540 etiam
1656 3493 1753 3540 cetera
1765 3527 1773 3550 ,
1786 3483 1855 3538 dnm
1870 3485 1897 3539 ei

1099 3565 1147 3616 per
1160 3549 1271 3604 liltertttn
1284 3551 1422 3607 arltittinor
1434 3556 1611 3623 consortitur,
1626 3556 1756 3610 consorini
1769 3565 1894 3625 pecoeta.

1098 3619 1240 3676 Peccatum
1256 3637 1320 3691 ergo
1331 3623 1487 3692 protoplasti
1500 3641 1595 3682 omncs
1608 3625 1749 3692 tralrimns,
1764 3641 1819 3680 non
1834 3642 1898 3681 mo-

1098 3707 1157 3746 runt
1184 3691 1341 3757 inritatione,
1364 3693 1411 3749 sed
1438 3697 1548 3752 seminis
1564 3698 1575 3728 ¹
1592 3697 1767 3768 conceptione
1789 3714 1796 3750 ε
1821 3697 1897 3752 sicot

1098 3764 1226 3832 seriptum
1239 3773 1291 3828 est,
1305 3762 1371 3817 Ecce
1383 3767 1448 3820 erum
1460 3771 1486 3820 in
1497 3768 1670 3833 trrtqottoo'no
1678 3775 1813 3835 conceptus
1822 3785 1896 3835 soen,

1099 3841 1122 3888 ct
1133 3834 1159 3886 in
1170 3833 1266 3889 delictis
1276 3835 1373 3906 peperit
1381 3853 1419 3892 nte
1426 3847 1505 3892 rrtoter
1514 3856 1570 3894 ntea
1577 3836 1663 3912 (Psoi.
1673 3855 1701 3906 s,
1710 3839 1749 3908 l).
1759 3839 1897 3894 Constant

1099 3905 1178 3958 ctiam
1194 3915 1221 3959 et
1234 3905 1383 3961 imitatione
1396 3923 1500 3966 ntorum
1514 3920 1631 3979 peccata,
1646 3910 1774 3966 imitando
1789 3909 1898 3966 scilicet

1098 3975 1185 4030 malos
1196 3994 1202 4030 :
1214 3975 1262 4030 sed
1277 3985 1306 4030 ut
1317 3977 1377 4046 quis
1392 3979 1510 4034 imitetur
1523 3983 1617 4049 malos,
1629 3991 1730 4038 naturae
1744 3990 1787 4036 est
1795 3981 1897 4036 titium

1098 4044 1260 4114 depravatas,
1280 4063 1331 4116 qua
1353 4047 1437 4104 iactus
1450 4060 1494 4106 est
1504 4050 1514 4082 ¹
1525 4053 1611 4108 nmlns
1624 4061 1652 4108 et
1664 4053 1822 4115 malitiosus,
1838 4068 1898 4107 ntttt

1099 4125 1193 4171 natura
1207 4133 1223 4172 a
1237 4119 1293 4173 lieo
1307 4119 1430 4174 conditus
1443 4121 1538 4178 rttaltts.
1550 4123 1592 4177 0lr
1605 4122 1656 4178 ltoc
1669 4124 1740 4178 onim
1753 4131 1782 4177 et
1794 4131 1899 4178 natura

1100 4187 1146 4240 lilii
1162 4189 1218 4255 irre,
1238 4189 1273 4244 ab
1289 4191 1417 4257 spostolo
1435 4192 1492 4260 jaro
1515 4193 1638 4262 baptisati
1661 4193 1742 4250 inisse
1762 4193 1897 4250 diciturne.

1099 4257 1193 4339 tlrrruis
1202 4260 1273 4314 euim
1283 4261 1425 4316 carnaliter
1438 4277 1561 4330 nascens,
1573 4275 1666 4322 natura
1677 4265 1747 4320 irlins
1759 4265 1806 4318 irae
1818 4274 1899 4320 recte

1099 4327 1196 4385 dicitnr
1210 4329 1219 4412 1
1232 4330 1326 4412 Epiron
1338 4347 1366 4393 tt,
1380 4333 1398 4388 a
1411 4329 1432 4406 ),
1448 4335 1508 4402 onia
1523 4345 1618 4390 natura
1637 4344 1679 4392 est
1699 4334 1860 4405 protoplasti
1873 4335 1897 4402 ⁸,

1098 4413 1159 4481 pus>
1180 4414 1252 4469 prror
1271 4417 1297 4457 tn
1319 4402 1364 4457 tllo
1380 4414 1488 4476 propter
1498 4405 1624 4462 delictum
1645 4407 1712 4461 iram
1730 4406 1832 4476 judicis
1848 4407 1899 4462 liei

1095 4479 1168 4539 toste
1181 4471 1192 4503 ⁸
1204 4473 1332 4541 suscepit.
1344 4473 1373 4528 st
1387 4475 1460 4528 enim
1476 4476 1600 4537 delictum
1614 4477 1684 4546 eins,
1699 4493 1747 4546 tter
1763 4479 1853 4547 guod,
1868 4485 1899 4532 nt

1099 4540 1164 4606 dixi,
1180 4543 1213 4596 ad
1228 4543 1294 4596 iram
1308 4544 1448 4598 Dominum
1461 4550 1624 4615 provocarit,
1637 4563 1688 4602 oon
1704 4547 1898 4613 tralrercmns;

1098 4628 1233 4681 nunqnam
1248 4621 1341 4668 natura
1352 4615 1398 4670 otti
1411 4616 1458 4671 iras
1467 4618 1627 4674 diceremur.
1637 4618 1670 4672 lit
1681 4619 1740 4674 ideo
1751 4628 1899 4688 peccatum

1096 4683 1156 4753 ejus
1169 4699 1224 4738 non
1237 4685 1325 4739 solnm
1338 4685 1435 4755 ipsum,
1447 4689 1495 4742 setl
1508 4705 1587 4744 omne
1599 4691 1691 4744 nocttit
1701 4704 1785 4758 gertus
1800 4689 1900 4744 homa·

1098 4769 1174 4824 num,
1183 4769 1246 4810 corn
1259 4754 1316 4825 ejas
1330 4756 1501 4814 damnatione
1512 4759 1522 4792 ⁸
1534 4760 1611 4814 sirnul
1633 4769 1659 4815 ct
1676 4760 1780 4828 colpam
1796 4777 1900 4816 snsce-

1098 4826 1196 4895 pimos.
1217 4825 1281 4895 llius
1301 4829 1373 4884 coint
1395 4844 1444 4884 rtos
1464 4830 1615 4886 vulneratos
1637 4847 1696 4887 esse
1715 4831 1824 4900 delicto,
1844 4833 1900 4888 l'as

1098 4897 1194 4966 probat
1209 4897 1355 4964 electionis,
1369 4913 1429 4953 com
1444 4900 1518 4964 dicit,
1534 4901 1595 4956 lllort
1613 4904 1678 4957 enirn
1695 4913 1730 4956 est
1744 4904 1901 4967 distinctio,-

1097 4983 1184 5022 omncs
1195 4969 1262 5022 mina
1274 4979 1446 5038 paraverant,
1460 4980 1484 5025 et
1497 4982 1569 5043 epent
1582 4974 1664 5042 glorio
1675 4972 1723 5027 Dei
1737 4973 1747 5045 1
1760 4971 1840 5028 Rom.
1857 4991 1899 5039 tn,

1097 5037 1155 5108 Ἠ).
1169 5039 1294 5105 llioeodo,
1309 5056 1403 5104 omnes,
1418 5042 1519 5097 trullum
1534 5045 1648 5112 excepit,
1665 5045 1784 5114 quinimo
1806 5053 1900 5099 totrrnt

1098 5109 1242 5164 declararit
1252 5125 1335 5179 genus
1346 5110 1500 5168 burrianum.
1510 5114 1770 5170 Peccauerunteoim
1783 5130 1900 5182 omncs,

1098 5197 1158 5236 cnm
1173 5196 1206 5234 ex
1220 5196 1274 5236 nno
1294 5193 1433 5251 peccatore
1454 5201 1548 5240 ornnes
1569 5185 1705 5243 ncsmtnttr
1723 5194 1899 5255 peccatores..

1099 5250 1210 5321 Propter
1223 5252 1293 5323 qnod
1308 5253 1402 5307 iterum
1416 5253 1485 5309 idenr
1499 5255 1563 5311 dicit
1574 5259 1729 5325 apostolus:
1744 5255 1814 5310 Nom
1822 5259 1902 5326 jodi-

1097 5324 1164 5376 cioro
1175 5339 1208 5378 ec
1221 5340 1271 5378 troo
1284 5323 1311 5376 in
1324 5324 1557 5380 condennationem
1574 5323 1640 5400 (ld.
1651 5343 1679 5395 v,
1694 5328 1727 5383 lli
1737 5324 1759 5398 ).
1775 5325 1818 5382 Ex
1841 5345 1902 5399 quo

1129 5457 1139 5488 ¹
1150 5455 1220 5516 sarri,
1230 5457 1349 5520 capsam
1359 5471 1375 5508 n
1385 5453 1487 5508 domo.
1498 5465 1526 5509 st
1535 5458 1702 5573 mopsien
1710 5457 1814 5511 dolon
1826 5461 1904 5513 mom

1099 5520 1107 5570 l
1138 5519 1213 5590 peimi
1224 5521 1310 5592 modas
1320 5520 1346 5570 ln
1357 5519 1454 5582 lihroo,
1466 5519 1528 5582 (1.2,

1099 5581 1140 5674 de’
1151 5649 1177 5692 ln
1185 5589 1383 5705 legem

1130 5705 1141 5740 Ι
1152 5713 1256 5758 veteres
1264 5707 1369 5767 mulces,
1380 5712 1453 5760 nias
1460 5713 1506 5761 osi.

1130 5767 1141 5800 ⁸
1152 5768 1227 5820 n'dem
1237 5769 1342 5829 codices,
1351 5769 1398 5822 ltoc
1407 5769 1469 5834 loco,
1476 5767 1635 5837 primoplasti

1130 5831 1176 5880 'ln
1187 5837 1251 5888 lass,
1265 5831 1384 5896 tteijttstt'.

1132 5892 1144 5923 ⁸
1154 5893 1304 5955 remigianus
1314 5899 1367 5954 tls,
1380 5893 1562 5947 dmrmodoneno

1656 5521 1780 5588 copiam
1791 5528 1820 5574 et
1830 5537 1861 5574 n.
1871 5523 1901 5585 b,
