4009 6375
250 381 318 439 loct

249 491 277 548 in
290 487 510 562 liominciieran.
526 484 635 559 xnr‚5)
651 484 806 543 :otbonum
818 494 859 542 est
871 485 1043 543 conlderein

250 583 362 641 bomiuo
369 578 625 655 quamconflderein
633 577 741 635 bomine
749 576 834 652 (Psoi.
844 576 1045 649 cxru,8);quia

249 677 469 749 boatiomnesqui
476 674 614 732 conddunt
624 670 816 731 ineum.llanc
823 686 900 743 spem
910 674 1044 739 tenentes,

250 770 348 827 servite
361 767 474 825 llomino
488 765 515 823 in
530 764 636 833 timore,
647 774 675 821 et
686 763 819 821 exsultate
830 763 856 819 ei
867 778 929 820 cum
942 771 1045 820 tremo-

249 878 280 919 re
294 859 380 937 (Psoi.
394 876 422 928 n,
440 860 484 929 11,
500 856 546 933 11)
558 876 565 914 :
579 857 706 930 quonum
715 856 750 913 de
762 856 816 911 rita
831 864 930 911 aeterna
944 895 952 922 ,
964 864 1045 925 quam

250 955 313 1013 liliis
324 952 509 1027 promissionis
534 951 658 1022 promisit
679 963 731 1005 non
759 944 875 1005 mendax
899 946 1046 1003 Deusante

252 1058 373 1119 tempora
388 1055 499 1115 aterna,
513 1059 594 1102 ucmo
607 1051 767 1116 potestesse
778 1056 900 1109 secunus,
914 1039 967 1095 nisi
980 1053 1046 1095 con·

252 1149 386 1197 summata
398 1136 481 1193 inerit
494 1136 545 1193 ista
558 1136 630 1203 rita,
643 1150 703 1207 quae
718 1132 829 1191 anuto
841 1140 884 1189 est
897 1144 978 1203 super
992 1139 1046 1186 ter-

250 1246 307 1288 ram
323 1229 384 1307 (111
404 1245 452 1300 ru,
466 1228 494 1301 1)
511 1228 577 1287 :sed
602 1228 681 1284 iaciat
707 1240 756 1283 nos
786 1226 795 1260 ¹
824 1236 996 1297 perseverare
1018 1222 1047 1277 iu

250 1340 280 1381 se
302 1338 386 1397 usipus
412 1323 440 1380 in
465 1322 524 1401 elus
551 1320 613 1377 ritae
637 1319 735 1387 linem,
761 1318 804 1375 cui
833 1315 951 1389 quotidie
977 1314 1048 1371 dici-

250 1433 328 1487 mus,
349 1416 391 1473 Νι
407 1433 454 1473 nos
467 1416 562 1489 trugnac
580 1416 607 1470 in
624 1414 787 1469 tentationem
804 1408 910 1483 (licitis.
933 1424 972 1474 rr,
989 1406 1046 1479 15).

250 1510 315 1568 ilaec
329 1520 409 1581 atque
418 1507 570 1579 hujusmodi
583 1522 644 1563 cum
659 1505 794 1570 dicuntur,
808 1502 864 1559 sire
872 1498 1048 1572 pauciscbri-

252 1602 346 1661 stianis
353 1602 410 1657 circ
419 1599 581 1657 multitudini
592 1598 728 1664 Ecclesia,
737 1610 787 1652 cur
796 1594 938 1651 metuimus
945 1598 1050 1647 saucto-

251 1710 311 1751 rom
321 1693 583 1765 praedestinationem
598 1702 627 1749 et
638 1704 728 1746 reram
743 1688 791 1745 bei
803 1687 936 1759 gratiam,
953 1684 1043 1749 idest,

250 1801 312 1859 quae
325 1802 378 1842 non
400 1784 546 1843 secundum
569 1783 663 1840 merita
687 1790 777 1838 nostra
794 1779 882 1845 datur,
908 1778 1048 1834 sicuteanr

251 1885 345 1936 saarta
357 1876 494 1949 Scriptura
503 1875 639 1948 praedicat,
651 1871 864 1947 pradicareibu
873 1885 938 1928 vero
953 1870 1050 1925 timcn-

252 1969 316 2026 dum
327 1978 379 2038 cst,
392 1984 426 2025 ne
446 1976 512 2025 tunc
523 1968 558 2025 de
571 1984 602 2025 se
614 1967 694 2023 bomo
709 1966 844 2037 desperet,
856 1961 963 2035 quando
982 1976 1047 2032 spes

251 2062 312 2133 eius
330 2061 452 2133 ponenda
468 2059 666 2117 demonstretur
679 2058 705 2113 in
727 2057 799 2125 lieo,
821 2070 874 2112 non
890 2062 978 2109 autem
1001 2052 1049 2107 de-

251 2163 389 2229 speraret,
403 2156 426 2211 si
439 2170 497 2212 eam
511 2157 537 2212 ln
548 2168 579 2212 se
589 2154 648 2226 ipso
661 2152 868 2225 superbissimus
879 2157 908 2206 et
918 2146 1047 2205 infelicis·

251 2246 356 2307 slmns’
372 2246 503 2318 ponercti

286 2341 403 2400 CAPUT
422 2339 520 2398 xxiii.
532 2370 568 2381 -
577 2338 622 2397 65.
637 2341 724 2411 Atque
736 2339 837 2394 utinam
858 2334 926 2392 tardi
939 2333 1022 2391 corde
1036 2332 1048 2365 ·

252 2441 281 2491 et
299 2432 469 2503 inilruri‚qui
495 2446 548 2488 non
572 2424 703 2504 possunt,
731 2430 773 2487 rel
795 2428 914 2485 nondum
935 2433 1048 2498 possunt

252 2523 409 2594 Scripturas
426 2522 472 2579 rel
496 2538 588 2580 earnm
612 2522 794 2593 expositiones
816 2520 984 2591 intelligere,
1009 2518 1049 2573 sic

251 2614 376 2673 audirent
388 2616 431 2672 rei
445 2630 498 2671 non
510 2613 636 2671 audirent
650 2614 677 2669 in
701 2613 752 2669 bac
765 2611 912 2685 quastione
927 2610 1048 2681 disputa·

252 2708 340 2765 tiones
358 2717 481 2775 nostras,
498 2712 530 2771 ut
544 2706 628 2778 magis
642 2706 810 2761 intuerentur
823 2704 961 2760 orationes
974 2716 1047 2769 suas,

253 2814 319 2871 quas
336 2814 443 2870 semiper
459 2797 552 2853 habirit
573 2806 600 2854 et
619 2794 729 2853 babebit
741 2794 862 2851 Ecclesia
883 2793 917 2848 ab
929 2791 1050 2849 exordiis

257 2892 325 2960 suis,
337 2890 424 2947 donec
438 2890 545 2946 finiatur
565 2888 618 2945 boc
636 2886 775 2945 saeculum.
800 2887 837 2943 be
849 2884 900 2942 bre
913 2884 985 2941 enim
999 2899 1046 2951 re,

142 2980 145 2985 '
253 2999 335 3056 quam
351 2998 421 3040 irone
436 2984 566 3041 adversus
586 2996 671 3038 rtoros
685 2981 836 3045 haereticos,
858 2994 911 3034 oon
927 2992 1046 3035 comme-

254 3090 362 3133 morare
377 3084 490 3142 uotum,
508 3074 555 3131 sed
567 3074 645 3145 plane
658 3072 726 3129 tueri
738 3079 768 3129 et
780 3070 920 3127 defensare
932 3066 1050 3140 compsi·

253 3166 344 3239 limrr,
360 3183 495 3240 nunquam
508 3168 592 3224 tacuit
604 3166 631 3222 in
647 3164 771 3237 precibus
781 3164 846 3232 suis,
860 3162 911 3219 ctsi
927 3162 1050 3232 aliquan-

253 3259 290 3318 do
303 3261 330 3317 in
350 3261 521 3318 sermonibus
539 3254 718 3317 exserendam
739 3257 812 3312 nullo
824 3263 935 3328 urgente
952 3255 1050 3312 adver·

253 3351 325 3410 sario
342 3368 395 3409 non
417 3351 531 3424 putavit.
546 3351 659 3421 Quando
671 3349 743 3406 coint
769 3363 822 3404 non
845 3356 950 3405 oratum
964 3354 1007 3404 cst
1020 3345 1049 3403 in

255 3447 374 3504 Ecclesia
388 3461 436 3518 pro
451 3445 603 3504 infidelibus
616 3453 697 3515 atque
711 3441 826 3500 inimicis
838 3441 897 3512 eius
917 3446 948 3496 ut
960 3439 1052 3497 creda

255 3541 332 3598 redti
344 3540 456 3610 Quando
469 3539 555 3596 tidelis
576 3539 715 3608 quisquam
738 3535 864 3602 amicum,
884 3533 1048 3604 proximum,

255 3635 396 3706 conjugem
408 3633 500 3689 babuit
514 3631 658 3696 iuiidciem,
669 3639 696 3686 et
708 3644 760 3684 non
774 3629 798 3683 ei
809 3627 927 3698 petivita
938 3625 1052 3682 Domino

256 3735 373 3783 utentem
383 3724 552 3782 obedientem
568 3721 594 3778 in
617 3721 792 3778 christianam
807 3719 908 3775 iidem?
920 3715 986 3786 Quis
1005 3732 1053 3773 au-

257 3829 311 3877 tem
326 3818 378 3876 sibi
392 3833 509 3890 unquam
524 3832 579 3872 non
590 3815 689 3881 oravit,
706 3823 735 3870 ut
749 3813 775 3868 in
787 3812 902 3869 Domino
916 3824 1054 3878 permane

256 3912 314 3968 reti
325 3913 379 3967 Αιιι
389 3911 450 3982 quis
464 3907 633 3966 sacerdotem
647 3919 728 3977 super
745 3902 839 3960 lidcles
855 3902 998 3960 Dominum
1013 3901 1055 3956 iu-

258 4016 408 4070 rocantem,
428 4001 451 4059 si
469 4001 579 4073 quando
601 3999 680 4067 dixit,
702 3999 740 4054 lla
755 3997 819 4063 illis,
834 3997 962 4063 Domine,
981 3995 1009 4050 in
1027 4003 1054 4051 te

258 4111 439 4171 perseverare
455 4109 539 4166 usque
561 4095 587 4148 in
603 4093 700 4158 linem;
716 4105 771 4147 nou
785 4089 871 4145 colom
886 4103 951 4144 roco
972 4100 1054 4143 ausus

258 4201 310 4258 cst,
334 4191 381 4249 scd
401 4189 496 4246 saitem
518 4185 680 4259 cogitatione
699 4181 916 4254 reprehendere;
944 4195 976 4236 ac
1000 4193 1053 4234 nou

259 4288 347 4360 potios
356 4299 436 4356 super
449 4283 507 4356 ejus
523 4281 603 4336 talem
614 4277 831 4336 benedictionem
844 4317 852 4342 ,
864 4283 892 4332 et
904 4273 1056 4356 cordgcrc·

259 4381 339 4438 derue
351 4387 379 4435 et
396 4393 444 4434 ore
456 4376 601 4432 condiente
620 4372 767 4444 respondit,
782 4373 889 4427 lineri:
905 4385 966 4426 cum
982 4368 1054 4424 aliud

260 4476 286 4531 in
299 4475 355 4545 ipsa
366 4472 486 4529 oratione
499 4467 633 4525 dominica
646 4481 699 4521 non
715 4473 793 4520 orent
807 4463 917 4530 iidelee,
931 4461 1054 4519 dicentes

261 4561 461 4628 maximeillud,
482 4559 523 4616 Ne
535 4575 581 4615 nor
595 4559 690 4631 inseres
711 4557 739 4611 in
758 4553 941 4620 tentationem
959 4552 1012 4608 nisi
1026 4561 1056 4608 ut

262 4658 289 4714 in
309 4667 401 4713 saucm
418 4652 571 4710 obedientia
591 4649 780 4722 perseveranti
792 4647 868 4705 Sicut
885 4660 951 4717 crgo
964 4648 992 4704 in
1012 4644 1055 4702 bis

261 4746 436 4811 orationibus,
451 4747 487 4800 ita
500 4745 565 4800 etin
578 4744 629 4798 linc
644 4741 695 4798 fide
719 4750 779 4797 nata
798 4753 850 4808 est,
865 4749 892 4797 et
904 4740 1012 4807 crescit,
1028 4748 1057 4796 et

261 4840 346 4898 crevit
360 4838 488 4905 Ecclesia,
512 4854 563 4909 qua
588 4836 641 4892 lide
661 4835 781 4891 creditur
807 4833 919 4906 gratiam
934 4833 981 4890 bet
1001 4848 1054 4889 non

263 4930 410 4988 secundum
425 4931 521 4986 merita
536 4928 723 4999 accipientium
743 4926 811 4984 dari.
834 4924 1056 4997 Quandoquidem

263 5037 317 5078 nnn
332 5030 421 5078 oraret
431 5019 552 5076 Ecclesia
566 5028 594 5074 ot
616 5019 725 5075 daretur
738 5017 890 5074 infidelibus
910 5015 985 5083 ides,
1005 5015 1056 5070 nisi

264 5114 349 5170 mum
362 5113 523 5170 crederetet
536 5125 645 5168 aversas
669 5119 697 5166 et
720 5108 848 5165 adversas
864 5108 1002 5163 bominum
1022 5105 1057 5162 ad

253 5221 294 5263 se
309 5215 465 5264 corrrertere
478 5206 626 5261 voluntates
638 5221 645 5256 ι
659 5217 709 5258 nec
721 5209 812 5257 oraret
824 5199 944 5256 Ecclesia
957 5207 986 5255 ut
1001 5212 1059 5269 per·

264 5308 401 5358 severaret
416 5300 443 5354 in
455 5297 507 5354 fldc
518 5296 630 5361 Christi,
646 5309 700 5350 non
712 5293 823 5364 decepta
832 5294 873 5349 rel
888 5293 955 5350 ricta
969 5299 1058 5347 tenta·

265 5393 381 5451 tionibus
392 5390 494 5458 nturrdi,
505 5390 557 5446 uisi
571 5389 698 5446 crederet
713 5386 853 5444 Dominum
870 5386 908 5441 sic
929 5386 955 5441 in
978 5393 1059 5458 pote·

265 5494 336 5544 state
349 5485 449 5542 babere
462 5497 509 5540 cor
521 5491 654 5550 nostrum,
667 5489 696 5538 ut
708 5479 807 5538 bonurn
822 5477 893 5549 quod
912 5493 965 5533 non
980 5486 1058 5534 tene·

270 5593 333 5634 mus
346 5578 397 5633 nisi
410 5576 517 5649 propria
525 5573 673 5640 voluntate,
690 5587 742 5630 non
754 5581 842 5628 tamen
857 5579 996 5628 teneamus
1006 5569 1060 5627 nisi

265 5669 364 5742 ipsein
384 5669 461 5726 uobis
480 5677 606 5740 operetur
627 5674 655 5724 et
667 5665 748 5724 reile.
761 5663 829 5723 Nam
844 5664 867 5723 si
881 5666 939 5724 baec
953 5665 1060 5738 abipso

297 5779 649 5907 :tammam

264 5991 282 6012 A
298 5902 310 5941 ·
325 5903 410 5960 nuo
419 5877 484 5979 ni,
496 5877 657 5961 numni

851 372 882 433 S.
901 364 1087 437 AUGUSTIM
1104 370 1258 429 calscoar

1821 377 1893 437 1151

1099 484 1208 557 quidem
1224 484 1455 555 poscitErclesia‚
1469 484 1517 543 scd
1530 500 1587 544 asc
1597 485 1655 559 ipsa
1667 488 1719 545 sibi
1729 487 1787 547 dari
1799 500 1891 562 putat3

1098 596 1152 637 non
1166 595 1260 649 retas,
1282 579 1330 637 sed
1344 579 1539 653 perfunctorias
1552 582 1688 639 orationes
1702 582 1784 642 babet
1799 584 1891 657 :quod

1097 671 1194 728 absita
1207 672 1296 728 nobis.
1307 671 1372 742 Quis
1379 674 1453 729 enim
1466 673 1597 731 veraciter
1608 684 1708 747 gerunt,
1728 676 1890 733 desiderans

1097 762 1221 834 accipere
1232 763 1305 834 quod
1316 771 1402 822 orata
1413 764 1537 834 Domino,
1550 766 1574 822 si
1588 766 1639 823 boc
1651 782 1668 823 a
1678 783 1710 824 sc
1726 768 1786 841 ipso
1803 784 1834 826 se
1844 784 1879 825 su

1098 869 1173 911 mere
1186 854 1335 924 existimet,
1349 870 1402 911 non
1414 855 1450 911 ab
1461 856 1525 912 illoi

1133 948 1179 1005 111.
1192 948 1357 1025 l’raesertirn,
1366 950 1492 1022 qnoniam
1505 948 1566 1022 guid
1579 966 1690 1020 mentm,
1702 952 1768 1009 sicat
1779 961 1895 1025 oportet,

1099 1042 1240 1107 ιιιιείηιιιις
1258 1046 1303 1097 sed
1313 1042 1369 1114 ipse
1385 1040 1508 1112 Spiritui,
1522 1042 1560 1097 ait
1580 1044 1734 1114 Apostolus,
1749 1045 1896 1116 interpellat

1100 1148 1146 1203 pro
1155 1132 1245 1189 nobis¹
1259 1134 1392 1205 garinim
1400 1133 1619 1189 immutabilibus.
1635 1134 1896 1202 paremniacum

1099 1226 1187 1294 cordo,
1205 1228 1252 1281 ecit
1272 1226 1333 1297 quid
1353 1226 1436 1299 cupiat
1454 1226 1576 1298 Spiritus,
1587 1227 1799 1299 quiasecsndum
1812 1227 1896 1283 Deum

1099 1314 1243 1386 interpeiint
1253 1333 1300 1387 pro
1314 1318 1408 1372 mnctir
1421 1315 1521 1387 (flora.
1533 1333 1588 1385 ιιιι,
1601 1316 1728 1390 11111).
1752 1317 1821 1387 Quid
1839 1326 1896 1386 est,

1099 1410 1155 1481 ipre
1163 1408 1275 1481 Spiritus
1287 1410 1441 1481 interpellet,
1451 1410 1513 1481 nisi,
1528 1410 1700 1481 interpellare
1708 1410 1781 1480 iacit,
1794 1413 1898 1485 perniti-

1099 1500 1146 1557 111
1166 1502 1387 1570 inenarrabilibus,
1410 1502 1457 1558 sed
1475 1504 1630 1571 veracibus,
1654 1504 1780 1576 quoniam
1796 1506 1898 1561 veritas

1100 1602 1143 1651 est
1156 1592 1291 1664 Spiritus?
1313 1595 1373 1667 lpse
1391 1604 1433 1651 est
1452 1595 1524 1651 cribo
1545 1595 1579 1652 de
1602 1611 1655 1667 quo
1667 1596 1721 1655 aiio
1735 1598 1793 1653 loco
1809 1597 1897 1653 dicit:

1102 1686 1174 1742 litati
1186 1684 1259 1741 Deus
1272 1686 1398 1757 Spiritum
1413 1685 1476 1742 retr
1488 1689 1529 1747 atti
1538 1688 1565 1743 t'n
1578 1691 1656 1745 cordo
1668 1700 1766 1759 mitre,
1779 1691 1899 1746 cismon-

1100 1787 1160 1847 tem,
1178 1778 1257 1848 aito,
1272 1778 1352 1835 Pater
1363 1781 1373 1853 (
1383 1780 1468 1836 Guiot.
1483 1798 1520 1851 tv,
1531 1781 1576 1855 6).
1597 1782 1632 1838 Et
1644 1784 1687 1839 bic
1698 1785 1761 1855 qnid
1776 1794 1827 1853 est,
1842 1787 1899 1839 cta-

1100 1881 1220 1940 mantem,
1235 1872 1297 1939 nisi,
1311 1871 1432 1929 Clamare
1445 1873 1601 1942 iacientern;
1617 1885 1692 1947 tropo
1703 1876 1750 1932 illo
1762 1890 1817 1947 quo
1827 1876 1900 1932 dici·

1100 1981 1161 2021 mus
1172 1966 1262 2021 laetum
1274 1957 1356 2033 diem,
1371 1968 1416 2038 qui
1426 1968 1505 2023 latos
1519 1966 1598 2024 iacitl
1618 1968 1694 2037 Quod
1706 1970 1771 2026 alibi
1783 1969 1902 2026 maniie-

1100 2067 1163 2123 stat,
1179 2059 1224 2115 ubi
1238 2058 1323 2115 dicit:
1340 2058 1402 2113 Non
1414 2060 1480 2114 etim
1492 2061 1623 2133 recepistis
1638 2061 1756 2133 splenion
1772 2063 1901 2118 invitatu

1100 2149 1191 2204 iterum
1204 2149 1231 2204 in
1244 2150 1353 2216 timare3
1372 2150 1418 2206 ted
1429 2152 1560 2223 accepistis
1573 2150 1699 2221 Spiritum
1709 2151 1855 2224 adoptionis
1864 2155 1902 2225 fi·

1100 2241 1203 2311 borum,
1214 2242 1242 2297 in
1250 2258 1301 2313 quo
1313 2241 1463 2311 obmutiret,
1478 2242 1557 2310 Abin,
1574 2241 1653 2299 Peter
1666 2242 1751 2315 (liant
1762 2260 1819 2312 vrri,
1830 2244 1865 2302 ta
1873 2243 1899 2318 J.

1101 2332 1408 2404 ibidixit,ctumnntem,·
1421 2336 1802 2405 clarorumelariorum
1817 2353 1902 2411 :ape-

1101 2425 1174 2481 riens
1186 2426 1311 2483 uidelicet
1331 2428 1466 2499 quomodo
1486 2428 1593 2497 dixerit,
1612 2428 1773 2495 clamentem,
1794 2428 1821 2485 id
1842 2438 1899 2497 est,

1100 2518 1644 2592 sicutjamexposuiclamareiacieutem.
1655 2520 1704 2579 libi
1713 2522 1898 2595 intelligimus,

1100 2622 1128 2668 et
1141 2612 1191 2668 boc
1201 2613 1287 2682 ipsum
1299 2613 1468 2670 essedorum
1480 2613 1537 2680 bet,
1548 2622 1579 2671 ut
1588 2616 1675 2672 veraci
1687 2617 1770 2674 corde
1781 2626 1809 2673 et
1816 2619 1900 2689 spiri·

1102 2705 1360 2762 tualiterclamemus
1371 2706 1405 2763 ad
1419 2707 1512 2764 ileum.
1527 2708 1673 2765 attendant
1685 2725 1749 2782 ergo
1760 2710 1900 2782 quomodo

1101 2797 1285 2869 falluntur,qui
1296 2806 1388 2869 putant
1397 2800 1631 2869 esseanobis,uon
1641 2801 1699 2858 dari
1711 2802 1798 2869 nobit,
1809 2811 1839 2859 ut
1849 2818 1901 2875 pc-

1102 2898 1199 2958 tamus,
1208 2905 1369 2961 queramus,
1382 2892 1515 2961 pulsemus
1523 2911 1530 2948 :
1538 2903 1565 2949 et
1577 2892 1627 2950 boc
1641 2908 1702 2951 esse
1714 2894 1816 2965 dicunt,
1825 2895 1901 2967 quod

1100 2984 1186 3056 gratia
1199 2982 1358 3055 praeceditur
1367 2984 1463 3041 merito
1473 2995 1575 3055 nocuo,
1590 2994 1619 3042 ut
1630 2996 1757 3059 sequatur
1768 2987 1822 3058 illa,
1834 3002 1901 3043 cum

1102 3074 1247 3145 accipimus
1263 3084 1395 3146 petentes,
1410 3084 1438 3132 et
1461 3075 1612 3133 invenimus
1633 3086 1793 3148 quarentes,
1808 3080 1901 3151 aperi-

1103 3175 1198 3238 turque
1213 3167 1379 3239 pulsantibus
1389 3186 1397 3224 ε
1409 3182 1460 3226 uec
1471 3169 1566 3226 volout
1582 3169 1730 3242 intelligere
1746 3170 1826 3228 etiam
1844 3170 1903 3228 boc

1102 3258 1185 3314 divini
1207 3259 1327 3316 muneris
1344 3273 1415 3328 esse,
1435 3268 1465 3316 ot
1486 3275 1601 3327 oremus,
1622 3259 1674 3317 boc
1694 3269 1746 3330 est,
1765 3272 1900 3333 pommus,

1102 3368 1266 3426 quammus,
1280 3363 1360 3425 atque
1374 3354 1519 3425 pulsemus.
1540 3357 1696 3426 Accepimus
1706 3357 1717 3390 ¹
1728 3356 1803 3412 enim
1814 3355 1903 3428 Spiri-

1104 3455 1159 3502 tum
1185 3446 1336 3517 adoptionis
1359 3445 1483 3513 tiliorum,
1500 3447 1527 3502 in
1555 3461 1608 3518 quo
1632 3447 1789 3516 clamamus,
1809 3447 1900 3518 Abba,

1103 3539 1194 3596 Pater.
1214 3537 1290 3608 Quod
1314 3538 1380 3594 vidit
1405 3547 1433 3594 et
1451 3539 1546 3594 beatru
1570 3539 1737 3596 Ambrosius.
1761 3538 1808 3597 eit
1824 3539 1903 3596 enim

1105 3629 1160 3705 (in
1186 3631 1325 3686 Conantem.
1347 3647 1423 3702 super
1443 3629 1551 3706 limone)
1571 3648 1579 3689 t
1601 3650 1612 3685 r
1635 3631 1670 3688 Et
1694 3645 1774 3690 orare
1791 3632 1901 3700 1111111,

1103 3724 1196 3794 gratis
1216 3723 1362 3794 spiritualis
1387 3732 1429 3781 est
1453 3742 1460 3780 ε
1483 3727 1553 3781 sicut
1574 3725 1703 3797 scriptum
1724 3734 1786 3794 est,
1814 3725 1901 3784 Nemo

1105 3817 1181 3884 dicit,
1204 3815 1329 3874 bominac
1345 3816 1432 3887 Ιειιιι,
1454 3818 1505 3874 nisi
1524 3818 1552 3873 in
1564 3817 1664 3890 Spiritu
1684 3828 1787 3876 unctor
1804 3818 1826 3891 (l
1836 3818 1901 3876 Cor.

1105 3925 1153 3976 xu,
1168 3909 1207 3983 11).

1141 3999 1187 4057 15.
1211 4000 1274 4056 llaec
1286 4000 1434 4074 igiturque
1444 4003 1530 4073 poscit
1541 4017 1556 4058 a
1566 4001 1691 4071 bomirm,
1704 4011 1733 4062 et
1747 4018 1854 4075 semper
1865 4020 1904 4062 ex

1106 4106 1159 4165 giro
1173 4107 1233 4148 esse
1247 4091 1339 4164 coepit,
1360 4096 1482 4167 poposcit
1498 4095 1635 4165 Ecclesia,
1657 4095 1694 4152 ita
1714 4097 1783 4154 Deus
1800 4098 1906 4154 sociis

1106 4185 1162 4241 suis
1175 4184 1297 4242 datorum
1308 4199 1408 4242 seesse
1421 4186 1600 4257 praescidunt
1613 4186 1641 4242 iu
1653 4189 1709 4258 ipsa
1725 4188 1904 4260 pradestina-

1107 4279 1180 4336 tione
1195 4278 1250 4350 jam
1268 4279 1372 4337 dederit
1388 4297 1395 4334 :
1410 4280 1481 4352 quod
1495 4281 1638 4351 apostolus
1655 4283 1714 4339 sine
1729 4282 1906 4354 ambiguitate

1107 4372 1223 4430 declarat
1248 4373 1375 4430 Scribens
1389 4374 1487 4445 quippe
1502 4373 1535 4430 ad
1553 4375 1722 4431 Tinrotbeum
1734 4391 1741 4428 :
1751 4373 1899 4443 Colinboru,

1107 4467 1203 4540 inquit,
1215 4467 1354 4540 Ecnngeiio
1366 4467 1504 4522 immam
1517 4468 1633 4522 uirtutem
1644 4465 1692 4522 Dei
1705 4467 1787 4522 salom
1800 4483 1846 4522 noa
1860 4471 1905 4536 sc·

1107 4561 1206 4629 dentis,
1218 4569 1242 4615 et
1256 4560 1367 4615 omentis
1380 4562 1511 4615 coactione
1521 4577 1568 4616 aaa
1579 4571 1682 4628 iunctm·
1695 4577 1747 4616 non
1760 4561 1904 4616 mundum

1108 4670 1185 4726 opero
1196 4663 1292 4719 nomn,
1305 4655 1350 4710 ced
1372 4655 1510 4708 meandum
1530 4663 1603 4708 suuni
1622 4654 1778 4726 propositum
1796 4662 1819 4709 et
1837 4669 1904 4725 grc-

1109 4746 1180 4812 noni,
1195 4761 1252 4818 pure
1265 4745 1324 4801 doto
1335 4755 1372 4801 ert
1384 4744 1455 4802 roobia
1469 4745 1495 4800 in
1512 4745 1611 4802 Cbmito
1631 4743 1694 4803 iesu
1711 4755 1769 4802 mite
1788 4756 1906 4819 tempora

1108 4851 1213 4909 meran,
1227 4841 1388 4913 rnonifectutu
1399 4848 1481 4894 uatem
1493 4855 1561 4894 nunc
1574 4852 1618 4913 per
1626 4839 1765 4894 aduentant
1784 4838 1907 4895 Salouta-

1108 4934 1145 4988 ris
1159 4934 1238 4988 nonai
1247 4931 1308 4986 iesu
1318 4931 1413 4988 Cirristt'
1427 4930 1460 5004 (11
1474 4931 1538 4986 Tim.
1552 4948 1571 4998 1,
1581 4929 1664 5004 cto).
1676 4930 1722 4987 lile
1734 4931 1908 5003 itaquedicat

1110 5025 1256 5083 Ecclesiam
1268 5023 1411 5096 aliquando
1430 5025 1457 5080 in
1477 5025 1528 5080 tide
1541 5038 1588 5081 sua
1601 5039 1653 5078 non
1666 5022 1792 5080 babuisse
1803 5024 1909 5080 verita·

1110 5127 1165 5175 tem
1181 5116 1420 5188 praedestinationis
1431 5117 1509 5189 lucius
1522 5127 1548 5172 et
1559 5117 1668 5189 gratiae,
1682 5132 1742 5188 qua
1755 5132 1826 5174 nuuc
1840 5131 1910 5173 con·

1110 5219 1150 5267 tra
1163 5223 1248 5266 noros
1261 5207 1402 5266 haereticos
1412 5225 1477 5267 cura
1490 5209 1657 5283 diligentiore
1670 5209 1820 5267 detenditur
1831 5228 1839 5267 ε
1849 5207 1910 5280 ille,

1111 5302 1229 5374 iuquam,
1249 5302 1300 5358 boc
1319 5302 1400 5370 dicat,
1420 5303 1465 5374 qui
1484 5303 1573 5361 dicere
1586 5304 1666 5361 audet
1683 5305 1826 5376 aliquando
1846 5320 1911 5362 cam

1111 5411 1279 5465 concresse,
1292 5397 1335 5453 rel
1348 5412 1401 5453 non
1411 5397 1541 5455 veraciter
1549 5397 1716 5468 orassc,sire
1726 5405 1756 5454 ut
1764 5399 1911 5457 crederent

1111 5490 1243 5558 infideles,
1254 5491 1311 5548 sivo
1323 5499 1352 5547 ut
1365 5499 1567 5561 perseverarent
1586 5490 1687 5547 iideles.
1711 5492 1777 5559 Quae
1796 5492 1867 5548 bona
1883 5493 1910 5547 si

1112 5599 1219 5655 semper
1230 5584 1325 5650 oravit,
1338 5597 1447 5655 semper
1458 5599 1487 5639 ea
1503 5582 1549 5638 bei
1560 5581 1631 5638 dona
1643 5597 1705 5640 esse
1718 5581 1808 5655 adque
1816 5581 1910 5641 credi·

1114 5745 1908 5906 wggwadrmmm

1145 5901 1503 5994 mansuum
