4009 6375
239 342 311 401 titt

239 454 398 512 cierieorttm
407 452 442 509 ab
454 452 572 509 Ecclesia
581 452 615 507 ad
627 452 771 507 Ecclesiam
781 454 903 522 cuiqnam
914 456 1028 510 transire

240 526 276 582 sit
291 527 402 581 liberum
414 563 423 589 ,
433 535 465 578 ιιι
476 524 504 579 itt
519 523 650 593 integrum
662 538 785 590 revoces,
799 525 982 580 admonemus.
996 526 1031 579 Et

240 594 424 663 unusquisque
435 610 488 649 uon
506 595 650 649 ambitione
671 593 793 660 illectus,
813 609 867 649 non
885 596 1030 664 cupiditate

185 709 189 719 .
239 665 384 731 seductos,
396 678 449 718 non
460 665 634 733 persuasione
644 663 779 718 bominum
794 663 971 733 depravatus,
983 666 1028 721 ubi

240 734 380 791 ordinatus
393 742 453 801 est,
468 742 643 806 perseveret:
659 734 694 787 ita
713 743 743 787 nt
762 733 784 787 si
807 737 868 804 quis
888 750 936 789 sua
954 749 1029 805 quae-

239 819 321 869 rens,
345 818 399 859 non
420 818 479 872 qna·
500 803 564 859 lesu
586 804 683 858 Citristi
703 802 840 874 (Philipp.
856 820 892 869 tt,
906 803 972 877 tt),
995 806 1029 859 ad

240 874 346 941 plebem
359 883 386 928 et
399 873 548 928 Ecclesiam
569 888 644 927 suam
667 873 755 928 redire
777 875 943 942 neglexerit:
956 886 982 929 et
996 875 1031 931 ab

239 944 350 998 lionoris
362 944 519 1013 privilegio,
534 952 560 998 et
573 959 588 997 a
602 944 797 998 communionis
809 946 915 1000 vinculo
927 945 1027 999 babea-

239 1020 285 1068 tur
297 1021 450 1069 extraneus.
467 1013 525 1067 Non
538 1022 626 1067 autem
642 1014 744 1067 dubitet
757 1014 867 1068 dilectio
881 1024 924 1069 tua
936 1056 945 1083 ,
959 1030 1028 1075 uos.

239 1084 262 1137 si
278 1082 370 1155 (quod
384 1098 438 1137 non
452 1080 631 1153 arbitramur)
645 1085 763 1153 neglecta
778 1084 895 1152 itterint,
909 1101 968 1153 qua
982 1100 1030 1154 pro

239 1152 359 1208 custodia
374 1168 526 1218 canonum,
541 1163 569 1208 et
587 1169 635 1217 pro
657 1154 717 1207 ltdei
740 1154 890 1224 integritate
910 1154 1028 1211 decerni-

239 1236 319 1285 mus,
342 1224 526 1277 vehementius
543 1222 770 1278 commovendos:
792 1225 853 1293 quia
873 1224 1028 1279 inieriomm

240 1293 365 1347 ordinum
391 1294 476 1361 culpae
498 1292 532 1347 ad
555 1293 643 1347 nullos
667 1294 751 1362 tnagis
775 1294 925 1349 venienda
945 1305 1027 1360 sunt,

239 1376 319 1432 qnam
332 1362 365 1416 ad
379 1364 503 1428 desides,
518 1363 737 1434 negligentesque
751 1374 868 1419 rectores
881 1405 890 1430 ,
901 1365 946 1433 qui
959 1366 1031 1418 mni-

238 1440 293 1485 tam
317 1446 388 1501 svepe
406 1433 525 1486 nutriunt
544 1434 738 1501 pestilentiam,
762 1434 826 1488 dum
852 1434 1029 1491 seueriorem

237 1501 404 1558 dissimulant
416 1503 542 1557 adbibere
557 1502 726 1557 medicinam.

448 1592 615 1649 bristout
634 1592 808 1659 ElUSiiEii,

351 1700 386 1739 to
404 1698 547 1740 serrtntutt
566 1700 709 1741 ertscoeor
728 1702 843 1742 tertnus
863 1686 914 1760 (a).

296 1777 354 1835 Leo
366 1780 525 1849 episcopus,
539 1779 667 1835 Sarrrruo
679 1780 825 1851 episcopo,
839 1781 964 1837 salutem

273 1870 362 1926 Lectis
372 1871 559 1926 Fraternitatis
572 1880 624 1927 tuae
633 1871 746 1938 litteris,
758 1873 875 1943 rigorem
886 1873 948 1929 iidei
959 1881 1028 1942 tvvm,

238 1956 318 2011 quam
339 1941 402 1996 olim
423 1956 599 2009 noveramus,
619 1942 796 2013 agnovimus:
814 1944 1029 2015 congratulantes

237 2010 305 2077 tibi,
321 2011 391 2081 qnod
405 2011 439 2066 ad
453 2011 600 2067 custodiam
621 2027 730 2083 gregum
751 2010 850 2069 Gitristi
869 2015 1029 2084 pastoralem

236 2096 329 2137 eoram
345 2081 484 2151 vigilanter
498 2084 671 2151 exsequeris,
686 2098 721 2137 ne
732 2083 805 2153 lupi,
839 2084 866 2138 ui
877 2084 927 2139 sub
939 2084 1030 2156 specie

236 2152 327 2233 orium
348 2151 531 2235 subintrarunt
549 2149 664 2234 (diariis.
677 2168 712 2207 ιιι
725 2192 732 2217 ,
746 2154 780 2208 li
791 2100 933 2225 ),itestiali
949 2154 1029 2239 sarri3

237 2221 1029 2365 iiriutbert‘iitliititiiiiii‘altilifiii'ul

158 2382 171 2393 ·
236 2374 300 2417 sant
313 2403 322 2428 ,
337 2370 519 2433 corrumpant.
540 2362 616 2430 Quod
635 2377 670 2418 ne
686 2362 795 2433 viperea
809 2364 894 2434 possit
907 2364 1029 2419 obtinere

237 2431 357 2499 fallacia,
383 2432 416 2486 ad
441 2432 675 2501 metropolitanum
702 2434 857 2504 episcopum
885 2435 1029 2504 provincie

238 2501 357 2557 llenetiae
370 2501 468 2571 scripta
479 2503 643 2557 direximus:
657 2504 753 2574 quibus
763 2504 798 2559 ad
808 2512 892 2559 status
901 2505 943 2559 sui
951 2505 1028 2629 Reri-

236 2573 326 2627 colum
340 2580 513 2642 cognosceret
525 2572 676 2643 pertinere,
699 2574 723 2629 si
741 2574 880 2645 qnisquam
900 2573 935 2629 de
973 2575 1014 2630 eia

236 2642 375 2713 gianorum
400 2650 428 2696 et
450 2642 671 2699 Coelestianorum
699 2646 835 2700 consortio
858 2644 985 2709 veramne,
1000 2644 1027 2699 in

236 2712 424 2767 communione
436 2712 566 2768 catltoiictt
585 2714 644 2768 sine
658 2714 824 2783 professione
840 2714 967 2786 legitimae
984 2730 1028 2769 sa-

237 2780 395 2837 tisiactionis
422 2781 559 2838 itabeatur.
585 2784 796 2841 saluberrimum
820 2784 891 2840 enim
913 2794 974 2852 est,
1000 2793 1028 2839 et

236 2852 382 2922 spiritualis
403 2852 542 2908 medicinae
562 2854 679 2909 utilitate
697 2855 897 2924 plenissimum,
924 2862 953 2910 ιιι
971 2855 1029 2911 sive

237 2922 405 3007 presbyteri,
419 2924 477 2979 sive
488 2922 594 2978 diaconi
606 2966 615 2991 ,
629 2925 686 2981 sive
696 2925 740 2979 alii
760 2924 902 2995 cujuslibet
923 2924 1026 2981 ordinis

235 2992 348 3063 clerica,
374 2992 420 3063 qui
445 3008 475 3049 se
499 3003 635 3049 correctos
661 2994 747 3050 videri
772 2996 880 3060 volunt,
907 3010 1027 3051 erromm

235 3077 334 3129 snum,
349 3071 376 3117 et
390 3065 462 3133 ipsos
481 3063 583 3121 erroris
600 3072 724 3120 auctmes
742 3064 862 3120 damnari
881 3080 897 3120 a
918 3080 947 3120 sc
968 3066 1027 3120 sine

236 3133 409 3205 ambignitate
422 3133 577 3191 fateantur:
593 3142 623 3190 ιιι
634 3136 757 3192 sensibus
775 3136 862 3206 pratis
880 3143 907 3191 ct
925 3135 1026 3191 dudum

237 3205 400 3275 peremptis,
427 3206 499 3262 nulla
526 3205 665 3276 spirandi¹
691 3208 807 3277 supersit
840 3208 965 3273 occasio,
992 3223 1027 3263 no

236 3276 320 3330 ulium
335 3274 484 3332 membrum
498 3275 626 3332 Ecclesiae
637 3276 726 3332 talium
738 3277 822 3347 possit
830 3278 958 3333 societate
969 3278 1026 3330 vin·

237 3345 307 3413 lari,
323 3359 383 3400 cum
398 3361 446 3415 per
459 3347 548 3401 omnia
569 3346 622 3402 illis
638 3345 768 3416 professio
787 3348 895 3418 propria
915 3347 1028 3417 coepcvit

237 3415 356 3470 obviare.
370 3415 446 3470 Circe
460 3431 527 3486 qnos
537 3416 617 3470 etiam
632 3417 705 3471 iilam
716 3431 847 3471 canonum
858 3419 1026 3472 constitutio-

238 3499 300 3540 nem
315 3485 484 3556 praeipimns
501 3485 648 3552 custodiri,
666 3501 701 3542 ne
716 3488 750 3542 ab
769 3487 810 3541 itis
833 3487 978 3552 Ecclesiis,
992 3488 1025 3542 ad

237 3570 305 3624 quas
318 3558 427 3626 proprio
440 3557 592 3626 pertinent,
611 3557 732 3612 sinantur
753 3558 917 3625 abscedere,
936 3565 964 3612 et
978 3573 1027 3626 pro

237 3639 286 3680 suo
298 3627 410 3682 arbitrio
421 3627 456 3683 ad
471 3627 529 3681 loca
543 3626 593 3681 sibi
608 3643 660 3682 non
676 3627 800 3697 deputata
815 3629 936 3685 transire.
950 3627 1026 3697 Quod

236 3710 297 3750 cum
312 3703 385 3752 recle
399 3711 452 3752 non
476 3697 636 3767 permittitur
654 3697 814 3766 inculpatis,
834 3699 918 3754 multo
937 3700 1027 3753 minus

236 3765 317 3822 debet
335 3767 417 3822 licere
436 3768 577 3837 suspectis.
601 3768 715 3823 Proinde
728 3769 839 3823 iiiiectio
863 3778 927 3834 toa,
950 3770 1026 3837 cuins

236 3836 379 3892 devotione
392 3837 539 3907 gaudemus
550 3879 558 3902 ,
571 3838 665 3909 jtntgat
677 3853 769 3893 curam
784 3853 859 3894 suam
872 3839 1026 3910 dispositio-

236 3906 316 3960 nibus
327 3910 426 3962 nostris
438 3949 444 3964 .
458 3915 486 3963 ιι
499 3923 560 3962 cunt
582 3909 735 3978 supradicto
755 3910 962 3979 metropolitano
982 3910 1027 3964 det

236 3988 346 4044 operam
358 4017 366 4039 ,
379 3984 409 4030 ot
421 3978 614 4047 circumspecte
626 3994 657 4034 ae
667 3980 795 4035 velociter
804 3980 963 4048 impleantur
973 3995 1004 4034 ea
1017 4021 1025 4045 ,

236 4060 297 4115 quae
311 4045 344 4099 ati
358 4047 438 4101 totius
452 4047 580 4102 Ecclesiae
595 4049 803 4105 incolumitatem
818 4058 845 4105 et
859 4050 1027 4106 laudabiliter

236 4123 300 4169 sunt
313 4125 388 4185 gesta
398 4119 420 4180 ²,
434 4125 463 4170 ιι
474 4119 618 4173 salubriter
628 4117 760 4174 ordinata.

350 4203 486 4260 CONTRA
507 4205 728 4262 adtautinna
750 4207 912 4264 liAEiiESlN

237 4310 263 4351 ιιι
282 4311 415 4351 naastan
434 4310 645 4362 nnntscenrett,
666 4312 793 4355 masreca
810 4315 913 4355 occasu
931 4315 1026 4368 aare,

340 4382 375 4421 tn
393 4381 528 4422 noaomutt
547 4381 689 4423 cntsoorun
709 4384 851 4424 nauseare
870 4369 924 4440 (b).

342 4457 520 4513 Dilectissimo
535 4457 608 4513 iratri
622 4457 762 4526 Honorio,
777 4459 919 4515 Gestatus.

270 4549 298 4603 i.
320 4549 394 4604 Licet
408 4549 477 4603 inter
494 4547 581 4604 varias
594 4559 741 4618 temporum
757 4550 926 4606 diiiicultates
938 4551 1026 4606 eonti-

235 4619 295 4675 nnis
315 4620 534 4688 occupationibus
555 4618 696 4689 implicati,
715 4621 758 4674 vir
780 4623 913 4690 respirare
937 4620 1027 4675 valea-

236 4705 316 4753 mns3
349 4703 379 4743 ro
390 4689 468 4744 Sedis
481 4699 570 4746 tamen
583 4691 737 4761 apostolicae
749 4691 934 4747 moderamine
947 4693 1027 4748 totins

234 4761 311 4814 ovilis
323 4705 447 4814 Nominiei
459 4774 550 4815 curam
563 4761 622 4816 sine
632 4761 782 4816 cessatione
795 4768 939 4817 tractatores
948 4802 957 4828 ,
967 4777 1029 4832 qua·

236 4831 314 4885 beato
323 4829 404 4885 Petro
413 4827 559 4886 Salvatoris
572 4831 654 4903 ipsius
666 4833 750 4887 nostri
761 4847 828 4887 tuoe
837 4833 958 4902 delegata
968 4841 1026 4898 ert,

236 4899 270 4954 Et
281 4911 308 4954 ut
320 4916 454 4955 certamus
466 4902 590 4971 confirma
599 4905 691 4974 fratres
701 4912 758 4956 teat
768 4904 777 4974 (
788 4900 852 4957 aue.
867 4917 943 4968 nu,
958 4901 994 4958 bd
1005 4902 1025 4974 );

233 4974 360 5036 etitem,
378 4969 454 5024 Petra
468 5008 477 5034 ,
491 4987 562 5026 amur
580 4973 644 5026 me?
664 4971 745 5026 Parce
767 4989 826 5027 orer
843 4988 912 5027 meas
926 4975 937 5042 (
946 4971 1025 5026 Ιιιιι.

233 5057 279 5096 xrt
292 5084 300 5107 ,
316 5040 367 5112 ii)
380 5039 567 5097 :dissimulare
581 5057 631 5098 nec
641 5057 783 5112 possumus
795 5082 804 5109 ,
818 5057 868 5098 nee
878 5042 1025 5106 debemus.

234 5127 295 5182 qua
308 5120 427 5166 nostram
442 5111 646 5168 sollicitudinem
670 5113 755 5168 iortna
766 5114 947 5186 perstringam
964 5127 1026 5167 cum

234 5183 316 5237 beato
342 5182 424 5237 Paulo
444 5183 566 5253 apostolo
588 5184 749 5248 sentientes,
778 5191 859 5253 atque
883 5183 1025 5249 dieentes,

235 5251 300 5317 Qrt‘r
311 5253 457 5322 infirmatur
467 5263 515 5321 „et
528 5269 543 5308 e
560 5271 638 5308 onon
652 5255 768 5323 infirmor
778 5253 790 5306 i
799 5255 855 5324 quir
867 5254 1027 5308 scandaliza-

234 5332 295 5388 tur,
308 5333 332 5376 et
346 5338 392 5394 ego
404 5339 455 5377 noa
470 5340 532 5377 uror
541 5271 584 5389 Nil
597 5323 657 5379 Cor.
666 5339 695 5385 rt
708 5364 716 5391 ,
729 5323 766 5380 29
776 5323 799 5397 )i
815 5325 852 5378 lta
865 5325 962 5394 qttippe
976 5339 1027 5378 nos

234 5404 343 5462 repente
356 5394 458 5459 tristis,
474 5393 621 5459 horrenda,
646 5405 673 5450 et
690 5397 732 5449 vix
757 5395 892 5450 credibilis
913 5395 1030 5450 coniecit

233 5464 343 5532 opinio,
359 5473 387 5518 ut
398 5476 515 5519 trientem
535 5474 652 5521 nostram
668 5464 862 5536 eoniunderet,
877 5465 1026 5532 sauciaret,

265 5573 363 5695 :aa
374 5575 498 5689 aaut

257 5697 378 5805 ‹iffiqmiffl
388 5691 409 5748 o'
420 5691 475 5749 'ine
485 5699 525 5761 83,
540 5713 606 5750 nunc
619 5701 644 5750 7.
656 5704 745 5765 scripta
754 5703 851 5754 circiter
861 5715 952 5754 anuum
960 5703 1027 5754 citri·

233 5765 302 5882 ⁵¹¹(l)
317 5794 478 5883 tateroelasd
490 5820 605 5884 epistolas
615 5823 700 5876 ordine
710 5825 734 5876 ii.

805 340 1004 399 sneunutcts
1023 340 1111 398 PARS
1129 336 1297 402 SECUNDA.

1805 354 1876 414 ttot

1082 458 1222 531 affligeret.
1235 460 1389 519 Nuntiatum
1407 464 1483 521 nobis
1501 476 1543 522 est
1560 468 1651 534 enim,
1670 470 1696 525 in
1720 472 1876 543 regionibus

1084 528 1270 613 dalmatiarum
1284 535 1413 603 quosdam
1423 536 1537 592 recidiva
1550 537 1699 609 Pelagianm
1711 543 1793 611 pestis
1804 545 1877 599 aira·

1083 615 1125 653 nra
1150 614 1316 669 sentinasse;
1345 613 1499 675 tantumque
1527 608 1582 664 illic
1608 625 1701 666 eorum
1728 614 1877 681 prevalere

1083 668 1275 738 blasphemiam
1288 714 1295 740 ,
1310 682 1339 728 ut
1353 676 1488 745 sintplices
1501 692 1620 749 quosque
1633 681 1761 737 mortiieri
1776 681 1876 738 inrnris

1082 737 1412 825 insinuationedeeipiant.
1423 746 1473 802 Est
1484 748 1591 817 quidem
1601 764 1676 806 error
1690 752 1746 821 ipse
1755 752 1876 810 noiarius

1082 816 1156 933 iiii
1169 814 1877 963 ualitudiniinutilitati?sicilia

1083 948 1213 1019 Domino,
1231 952 1305 1009 adest
1322 955 1382 1010 iidei
1398 957 1535 1014 catitolio'e
1555 974 1619 1027 pura
1633 961 1731 1016 verius
1761 976 1876 1019 eoncor-

1082 1018 1159 1074 dibus
1171 1022 1354 1103 universorum
1367 1026 1472 1082 Patrum
1482 1028 1639 1102 deprompta
1649 1030 1801 1099 sententia,
1831 1050 1875 1089 ue

1081 1096 1109 1143 et
1122 1090 1219 1147 subtile
1233 1094 1306 1149 virus
1324 1094 1435 1152 innestae
1458 1098 1594 1167 pravitatis
1614 1110 1750 1171 exponat,
1773 1050 1875 1158 ethr-

1081 1174 1161 1214 mano
1173 1163 1263 1231 generi
1278 1164 1405 1222 saltando
1418 1168 1536 1223 coniurat
1548 1168 1582 1225 de
1593 1170 1790 1241 scripturarum
1803 1188 1874 1230 oon·-

1082 1227 1195 1285 lectione
1216 1232 1386 1291 medicinam.
1408 1236 1563 1293 Nuliatenns
1584 1239 1664 1311 igitur
1682 1240 1873 1299 discretionem

1081 1314 1170 1354 rernm
1183 1303 1300 1358 nondum
1311 1306 1472 1363 abundantia
1483 1308 1564 1363 corda
1579 1312 1719 1367 conturbet
1729 1352 1737 1374 ,
1748 1312 1835 1369 donee
1845 1324 1875 1369 ct

1081 1372 1215 1427 occultum
1229 1373 1325 1431 uulnus
1338 1387 1481 1447 appareat,
1495 1388 1522 1433 et
1534 1379 1647 1435 salvatio
1660 1381 1801 1451 singularis
1812 1385 1875 1437 ein-

1081 1448 1159 1494 oeat:
1173 1445 1297 1512 qnoniam
1314 1447 1479 1516 quantalibet
1491 1457 1550 1503 arte
1563 1449 1674 1505 iaiiaciae
1685 1451 1793 1520 spiritus
1810 1468 1875 1534 per·

1001 1530 1007 1541 ·
1081 1508 1189 1565 ditionis
1202 1524 1321 1570 armetur
1332 1533 1339 1581 ;
1353 1526 1445 1573 sancto
1458 1518 1545 1590 gladio
1555 1519 1668 1590 Spiritus
1680 1522 1835 1593 principaits
1845 1534 1876 1579 et

1080 1577 1215 1651 detegitur
1224 1595 1252 1639 et
1264 1596 1383 1642 neestur.

1117 1650 1144 1704 ι.
1160 1652 1327 1736 Quapropter
1339 1672 1387 1725 per
1404 1657 1577 1715 dilectionem
1597 1668 1669 1716 tuam
1691 1670 1803 1718 cunctos
1822 1663 1875 1718 ibi-

1081 1718 1142 1774 dem
1151 1721 1256 1803 ilommt
1264 1726 1417 1783 sacerdotes
1426 1728 1852 1789 fraternoeommonemusaiiectn
1864 1776 1873 1797 ,

1082 1799 1169 1861 utqnt
1182 1808 1254 1875 'cnm
1274 1796 1411 1853 erudiente
1434 1813 1481 1853 tos
1505 1800 1617 1857 bomine
1639 1810 1732 1857 contra
1754 1804 1872 1861 novitios

1082 1872 1341 1936 pugneuserrores‚
1354 1867 1419 1925 oiim
1441 1871 1641 1939 peruersitatem
1663 1874 1797 1929 totoorbe
1820 1872 1873 1929 da-

1082 1936 1873 2013 mnatam,neeipsosreciperedebeatis:autquodtemero

1081 2010 1188 2085 putatur
1195 2012 1261 2061 'esse
1272 2004 1423 2065 iaciendum
1435 2050 1443 2076 ,
1462 2026 1522 2079 qutc
1535 2026 1588 2067 non
1602 2012 1713 2069 haeresis
1725 2014 1873 2084 nvajoribns

1082 2082 1180 2129 nostris
1193 2078 1383 2134 convenienter
1395 2080 1525 2137 exstincta
1546 2097 1639 2137 rursus
1658 2098 1802 2152 provocare
1820 2100 1874 2141 nos

1081 2142 1196 2212 audeat,
1210 2155 1237 2199 et
1284 2146 1335 2202 iam
1350 2150 1426 2205 notis
1438 2150 1581 2222 resumptis
1602 2152 1703 2208 viribus
1723 2163 1871 2225 aperteque

1081 2213 1221 2285 eondigati
1255 2219 1425 2287 nunquidnam
1434 2220 1496 2277 licet
1507 2222 1778 2279 nobisavenerandis
1787 2226 1873 2295 patri·

1080 2281 1131 2339 bus
1147 2284 1271 2343 damnata
1289 2286 1457 2359 dissolvere,
1476 2299 1504 2347 et
1524 2292 1558 2347 ab
1579 2292 1631 2350 iilis
1655 2294 1744 2349 excisa
1767 2294 1871 2351 nolana

1080 2351 1203 2425 dogmata
1217 2360 1382 2415 retractare?
1393 2360 1460 2429 Qnto
1472 2370 1514 2417 est
1525 2377 1606 2435 ergo,
1621 2362 1692 2433 quoti
1706 2378 1802 2435 magno
1839 2383 1872 2421 re

1080 2438 1280 2495 praecavemus,
1307 2444 1342 2485 ne
1362 2430 1504 2501 cujnslibet
1526 2432 1635 2489 haeresis
1657 2434 1741 2490 semei
1766 2434 1872 2492 deceta

1081 2496 1211 2563 pernicies
1224 2498 1257 2553 ad
1268 2514 1380 2557 examen
1394 2501 1482 2557 denuo
1493 2502 1585 2559 venire
1596 2503 1757 2569 contendat:
1773 2506 1795 2559 si
1809 2520 1872 2577 quae

1014 2604 1029 2616 .
1080 2566 1224 2636 antiquitus
1238 2583 1254 2623 a
1267 2572 1365 2625 nostris
1378 2571 1522 2641 majoribus
1534 2574 1657 2644 cognita,
1670 2573 1811 2643 discussa,
1825 2592 1873 2631 rc-

1080 2634 1163 2691 intata
1178 2648 1259 2706 sunt,
1281 2642 1455 2697 restauranda
1473 2642 1611 2699 nitamuri
1634 2658 1723 2699 nonne
1747 2644 1798 2715 ipsi
1820 2660 1873 2702 nos

1080 2703 1091 2773 (
1100 2707 1170 2776 qnod
1183 2709 1253 2765 absit
1264 2753 1271 2777 ,
1283 2720 1310 2767 et
1319 2710 1390 2782 qnod
1403 2728 1537 2783 nunquam
1549 2714 1681 2771 catholica
1692 2714 1807 2783 patietur
1818 2716 1873 2771 lic-

1080 2775 1184 2849 eiesia)
1208 2779 1367 2837 adversariis
1393 2784 1513 2839 veritatis
1540 2785 1671 2841 universis
1697 2793 1791 2840 contra
1819 2801 1875 2841 nos

1080 2849 1236 2929 resurgendi
1253 2852 1426 2920 proponimus
1445 2854 1618 2925 exemplum?
1639 2854 1690 2911 Ubi
1713 2863 1775 2923 est,
1798 2858 1873 2928 qnod

1079 2928 1277 2988 scriptumest,
1294 2922 1423 2978 Taurinos
1435 2933 1536 2994 patrum
1556 2936 1656 2979 tuorum
1671 2942 1722 2979 nott
1739 2934 1871 2999 transgre-

1079 2985 1156 3043 dieris
1169 2989 1264 3060 (Pron.
1277 3007 1334 3047 ran
1344 3034 1351 3057 ,
1362 2992 1397 3048 28
1407 2988 1429 3065 );
1443 3003 1470 3049 ιι
1483 3035 1490 3059 ,
1506 2992 1641 3067 interroga
1658 3005 1741 3066 patrer
1755 3006 1812 3051 tuos
1823 3039 1832 3062 ,
1845 3008 1872 3052 et

1079 3061 1263 3115 annuntiabunt
1275 3062 1318 3116 tiiti
1327 3080 1337 3130 ,·
1346 3073 1369 3117 et
1379 3064 1489 3120 teniores
1500 3074 1556 3120 tuor
1567 3107 1575 3131 ,
1588 3078 1611 3119 et
1621 3066 1704 3121 dicent
1714 3065 1757 3121 tili
1767 3068 1778 3138 (
1790 3066 1869 3123 licat.

1080 3142 1172 3196 rrrn,
1186 3133 1202 3187 7
1215 3132 1237 3203 i?
1251 3130 1319 3200 Quid
1334 3148 1397 3208 ergo
1410 3134 1544 3192 tendimus
1566 3136 1634 3192 nitra
1655 3135 1765 3194 delinita
1784 3138 1871 3210 majo·

1078 3201 1160 3255 rutni
1174 3211 1220 3260 aut
1233 3219 1282 3259 cnr
1303 3205 1379 3261 nobis
1398 3221 1451 3261 non
1471 3205 1589 3272 subicit,
1603 3207 1625 3264 si
1639 3207 1702 3279 quid
1715 3208 1870 3280 ignorantes

1077 3269 1181 3327 discere
1194 3274 1350 3345 cupiamus,
1370 3276 1485 3346 qualiter
1495 3277 1530 3332 ab
1541 3277 1697 3334 ortitodoris
1710 3278 1827 3348 patribus
1840 3291 1871 3336 et

1078 3341 1227 3400 senioribus
1237 3345 1339 3416 singula
1353 3361 1465 3417 quaeque
1474 3348 1516 3402 vei
1527 3348 1633 3405 vitanda
1644 3357 1775 3419 praecepta
1787 3358 1869 3414 sunt,

1079 3413 1120 3467 vei
1133 3414 1247 3486 aptanda
1260 3415 1399 3471 catholicae
1409 3418 1590 3474 veritatiicur
1602 3434 1654 3475 non
1667 3417 1708 3473 itis
1723 3419 1870 3489 probantur

1078 3497 1138 3539 esse
1151 3483 1279 3540 decretal
1293 3485 1425 3556 Numquid
1440 3498 1487 3543 aut
1500 3489 1675 3559 sapientiores
1689 3489 1741 3546 illis
1755 3503 1870 3556 sumus,

1078 3561 1124 3606 ant
1147 3557 1292 3622 poterimus
1313 3557 1388 3611 iirma
1407 3557 1550 3614 stabilitate
1570 3569 1711 3629 censure,
1726 3559 1749 3615 si
1762 3575 1794 3616 ee
1808 3577 1871 3633 quaa

1078 3624 1112 3680 ab
1125 3625 1177 3680 iilis
1191 3629 1335 3682 constituta
1349 3637 1427 3691 sunt,
1443 3629 1622 3686 subruamus?

1113 3697 1140 3751 a.
1156 3698 1197 3751 Αιι
1212 3695 1324 3754 tortasse
1338 3699 1447 3755 nescitis
1459 3697 1528 3754 bane
1541 3699 1685 3767 bereum,
1703 3699 1737 3758 de
1753 3715 1804 3772 qua
1826 3701 1871 3756 lo-

1078 3765 1200 3836 quimur,
1215 3777 1242 3822 et
1255 3769 1288 3823 ab
1301 3769 1445 3838 apostolica
1457 3768 1558 3826 dudum
1572 3769 1642 3826 Sede
1657 3786 1704 3840 per
1715 3771 1800 3826 beatae
1812 3787 1871 3826 me·

1079 3837 1170 3892 moriae
1188 3837 1390 3904 innocentium,
1414 3854 1446 3896 ae
1467 3839 1562 3896 deinde
1583 3839 1737 3910 zosimum,
1762 3841 1871 3897 Bttttiin-

1078 3907 1166 3976 eium,
1185 3908 1378 3976 Caelestinum,
1394 3909 1515 3978 Siatum,
1532 3911 1667 3979 Leomm,
1687 3912 1822 3972 continuis
1841 3923 1871 3968 et

1079 3978 1278 4035 incessabilibus
1293 3982 1431 4036 sententiis
1450 3981 1532 4037 inisse
1548 3991 1728 4052 prostratam
1744 3997 1796 4038 nee
1807 3993 1870 4038 tao-

1079 4057 1134 4104 tum
1163 4049 1289 4105 Ecclesia
1315 4051 1452 4107 eatimiiem
1483 4052 1605 4122 iegibus,
1637 4052 1685 4108 sed
1717 4051 1867 4123 principum

1078 4134 1185 4192 qnoque
1209 4121 1389 4177 Romanorum
1407 4137 1441 4178 eo
1465 4125 1577 4180 tenore¹
1590 4122 1760 4186 damnatam,
1775 4133 1805 4178 ut
1817 4138 1871 4178 nee

1079 4205 1189 4260 nsquam
1201 4201 1330 4247 terrarum
1339 4193 1442 4248 vivendi
1452 4193 1540 4248 locum
1550 4201 1696 4249 sectatores
1703 4193 1761 4264 ejus
1768 4192 1871 4250 babere

1079 4259 1248 4317 sinerentur?
1261 4261 1326 4328 Quae
1338 4263 1425 4319 omnia
1439 4271 1492 4318 tarn
1506 4263 1588 4334 gestis
1603 4261 1730 4318 Ecclesiae
1747 4278 1797 4334 per
1811 4265 1872 4319 sin·

1079 4332 1154 4402 gulas
1167 4347 1285 4404 quasque
1297 4334 1418 4403 regiones
1429 4333 1463 4389 de
1473 4348 1564 4389 eornm
1576 4335 1706 4404 pravitate
1716 4333 1868 4400 coniectis,

1079 4416 1158 4472 quam
1172 4417 1292 4458 censure
1307 4403 1419 4472 publicae
1430 4404 1612 4461 sanctionibus
1625 4405 1782 4461 edocentur.
1796 4403 1870 4461 Ecce

1079 4487 1192 4543 qnorum
1219 4472 1284 4528 libet
1308 4489 1387 4530 aures
1411 4473 1556 4530 catitolicas
1581 4475 1674 4530 audire
1697 4473 1868 4541 doctrinam,

1079 4544 1240 4616 quaestiones
1251 4543 1390 4612 accipere,
1404 4553 1519 4602 tractare
1531 4545 1695 4612 tendiculas,
1707 4553 1734 4601 ιι
1742 4545 1872 4616 blaspbe-

1079 4615 1147 4669 mias
1160 4615 1289 4684 patienter
1302 4612 1450 4669 adtttittere.
1462 4613 1484 4670 0
1497 4616 1519 4669 si
1532 4615 1670 4671 studerent
1679 4615 1809 4672 adversus
1821 4631 1837 4672 e
1850 4633 1872 4672 as

1080 4685 1209 4754 majorum
1225 4692 1374 4738 nostrornm
1390 4685 1472 4740 libros
1487 4699 1669 4758 responsaque
1681 4701 1845 4757 cognoscere
1862 4691 1869 4743 i

1080 4755 1135 4809 illie
1147 4755 1234 4809 modis
1247 4754 1370 4810 omnibus
1382 4765 1557 4822 cerneretur,
1571 4756 1638 4812 nibil
1654 4770 1715 4814 esse
1738 4771 1870 4827 prorsus,

1079 4825 1150 4896 quod
1165 4840 1220 4880 nott
1234 4834 1261 4881 et
1271 4823 1305 4880 ab
1319 4825 1376 4880 istis
1391 4825 1471 4882 inerit
1479 4827 1653 4895 ventilatum,
1667 4825 1738 4882 etat
1748 4826 1803 4882 iliis
1813 4843 1873 4882 nta-

1079 4897 1173 4967 gniiica
1187 4896 1299 4951 veritate
1310 4896 1452 4952 contritum
1467 4914 1474 4950 :
1489 4897 1580 4967 sieque
1601 4897 1637 4953 de
1655 4901 1759 4953 munds
1774 4911 1872 4954 emunt

1079 4967 1205 5037 nequitiis
1227 4965 1374 5022 refutandis
1397 4965 1489 5022 fideles
1511 4969 1611 5038 quique
1627 4967 1803 5024 redderentur
1827 4969 1870 5022 in·

1079 5038 1192 5102 structi,
1208 5046 1236 5092 ut
1250 5037 1314 5092 nibil
1326 5037 1439 5107 amplius
1450 5049 1625 5108 quaereretur.
1639 5037 1693 5094 Sed
1711 5038 1734 5094 si
1755 5037 1870 5094 iorsitan

1080 5108 1225 5162 ineruditos
1238 5109 1341 5163 animos
1352 5107 1474 5177 quaedam
1485 5108 1521 5164 de
1532 5123 1624 5164 eorum
1638 5109 1761 5164 sensibus
1787 5124 1871 5179 repo·

1079 5179 1129 5234 sita
1141 5188 1362 5244 commoverunt;
1377 5179 1411 5234 iu
1431 5179 1621 5235 venerabiiium
1640 5187 1744 5246 patrum
1765 5123 1870 5234 Noutri-

1079 5250 1140 5315 nis,
1156 5258 1183 5304 ct
1206 5251 1293 5304 onntis
1312 5263 1404 5304 eorum
1425 5249 1573 5319 publicatur
1594 5249 1715 5317 insania,
1730 5249 1872 5320 etquibus

1079 5320 1204 5376 remediis
1224 5328 1351 5389 curetur,
1375 5320 1540 5387 ostenditur,
1564 5331 1639 5376 nter
1658 5319 1700 5374 itis
1723 5319 1779 5376 lieo
1799 5336 1870 5391 prae·

1078 5399 1165 5446 stante
1185 5391 1316 5460 praevisis,
1335 5400 1428 5446 cttncta
1452 5406 1512 5461 qna
1529 5391 1563 5446 de
1582 5404 1675 5445 eornm
1690 5391 1760 5446 serie
1773 5399 1871 5448 terne·

1078 5471 1159 5527 runt,
1175 5469 1201 5516 ct
1213 5461 1363 5531 periculosa
1376 5463 1555 5527 sectantibus,
1577 5470 1604 5518 et
1622 5461 1701 5516 stulta
1715 5460 1871 5532 depreben-

1078 5533 1203 5588 dentibus
1227 5545 1287 5588 esse
1309 5532 1470 5589 videamur:
1497 5537 1532 5587 ita
1554 5542 1584 5588 ιιι
1601 5531 1633 5586 si
1653 5533 1713 5602 quis
1732 5531 1871 5588 existimet

1079 5601 1281 5670 reluctandum,
1298 5617 1350 5659 non
1364 5611 1453 5660 tameo
1471 5612 1590 5661 veterum
1608 5602 1745 5668 sententiis
1753 5607 1871 5660 ‘contra-

1111 5763 1119 5795 ι
1137 5758 1425 5821 ιοιιιιιιιιιιιιιιιιιι,ιιιι.

1112 5825 1122 5856 ¹
1138 5821 1209 5885 alias,
1220 5829 1335 5884 intrauere:
