4009 6375
234 404 305 465 ituit
834 386 863 445 S.
883 381 1068 445 adcusanti

234 522 431 579 murmurantes
454 526 470 569 a
492 504 700 581 patrefamillas,
721 500 787 570 nisi,
809 500 868 557 liae
887 498 965 555 volol
986 496 1025 553 lta

234 614 332 687 quippe
342 608 400 681 eius
413 620 474 679 erga
486 604 553 661 alios
564 602 613 658 luit
625 600 745 672 largitas,
759 604 863 669 uterga
873 594 940 650 alios
954 587 1027 649 nulla

234 712 307 763 esset
318 700 455 773 iniquitas.
472 696 506 753 tta
516 694 560 750 isti
571 692 679 767 quidem
696 688 801 760 utrique
817 688 842 742 in
854 686 932 741 bonis
944 693 1027 740 sunt:

234 782 418 856 verumtamen
437 797 565 863 quantum
588 786 621 842 ad
641 783 771 859 justitiam
797 788 900 853 spectat
920 786 947 834 et
967 791 1030 851 gra·

235 893 317 957 siam,
330 896 419 961 potest
433 895 461 943 et
479 885 512 939 de
534 897 581 939 reo
596 882 640 953 qui
655 878 798 957 liberatur,
814 884 888 933 recte
906 872 960 929 dici
980 887 1029 928 reo

237 984 279 1057 uui
295 982 436 1039 damnatur
450 977 471 1045 ¹,
486 974 560 1031 Tolle
579 971 647 1046 quad
670 980 741 1025 tuum
755 976 805 1035 est,
820 976 844 1022 et
864 964 947 1031 eode‚·
971 964 1029 1019 ltuic

238 1084 319 1130 autem
329 1054 386 1129 noio
396 1068 468 1143 quod
480 1082 532 1123 non
545 1065 657 1123 debetur
670 1062 774 1117 donare.
791 1060 830 1115 An
844 1057 961 1115 nonlicet
982 1056 1030 1110 mi·
1068 1139 1072 1148 ι

236 1166 261 1223 ‚ti
275 1170 358 1240 focae
369 1161 437 1235 quod
455 1160 530 1215 uoloi
549 1156 589 1213 An
601 1154 688 1211 oculus
702 1162 760 1207 tatus
774 1166 882 1221 alequam
899 1158 955 1215 est,
970 1146 1032 1219 puio

235 1274 282 1333 epo
296 1257 377 1313 boam
399 1270 455 1309 sum
470 1250 576 1325 (Metti.
588 1265 640 1313 xx,
655 1244 753 1319 t-tttlt
769 1244 816 1299 ilic
838 1242 882 1299 ille
897 1241 919 1295 si
939 1238 1030 1308 dicat,

236 1349 291 1407 Cur
306 1362 360 1405 non
373 1356 400 1403 et
412 1344 498 1401 milti?
512 1342 609 1397 merito
621 1338 727 1401 audiet,
744 1336 766 1391 0
781 1335 874 1400 bomo,
889 1342 916 1386 tu
928 1331 1029 1403 quises,

237 1442 281 1513 qui
304 1438 457 1515 respondeas
479 1434 533 1491 beo
554 1432 642 1509 (Rom.
655 1448 697 1500 tx,
712 1428 776 1501 illl?
800 1426 887 1499 Quem
910 1435 983 1483 certe
1004 1423 1031 1478 ia

238 1548 293 1590 uno
323 1540 442 1591 restrum
479 1526 697 1599 benignissimum
732 1522 903 1594 largitorem,
943 1517 971 1583 in
1004 1523 1032 1571 te

238 1642 303 1685 reru
323 1632 476 1683 exactorem
501 1619 697 1693 justissimum,
719 1616 745 1671 in
765 1614 840 1669 nullo
862 1621 949 1667 tamea
974 1623 1033 1663 cer·

238 1721 281 1777 nis
312 1718 451 1791 iniustum.
481 1714 549 1771 Cam
582 1712 652 1768 enim
683 1709 771 1780 justas
806 1713 894 1769 esset,
928 1699 1032 1758 etiamsi

238 1824 382 1885 utrumque
404 1808 511 1883 puniret
535 1824 543 1860 r
568 1804 613 1877 qui
628 1803 772 1868 liberatur,
797 1797 877 1853 babet
890 1794 960 1851 uude
975 1808 1034 1865 gra·

239 1907 291 1963 tias
300 1911 379 1977 apat3
400 1901 446 1975 qui
466 1899 625 1966 damnatur,
641 1909 695 1950 non
711 1890 790 1947 habet
802 1888 873 1961 quod
886 1884 1034 1958 repreben-

239 1996 295 2052 dat.
566 2000 568 2005 ·

277 2088 321 2144 ts.
339 2104 349 2141 a
365 2064 419 2145 Sed
440 2083 463 2139 sl
482 2082 556 2154 jam,
580 2098 591 2134 s
608 2078 710 2150 inquit,
725 2094 735 2127 a
753 2074 807 2129 hoc
829 2070 984 2142 oportebat,
1007 2075 1037 2123 at

241 2180 373 2238 damnatis
401 2192 455 2235 non
483 2164 626 2238 omnibus,
649 2168 713 2241 quid
744 2165 868 2225 amntbus
895 2163 1037 2219 deberetur

241 2270 414 2337 ostenderet,
436 2274 517 2339 atque
539 2264 575 2320 ita
597 2262 699 2335 gratius
718 2273 793 2315 suam
816 2256 927 2328 gratiam
941 2253 1036 2310 rasis¹

241 2360 432 2419 misericordie
447 2354 663 2417 commendarem
677 2366 726 2407 car
747 2350 774 2404 in
790 2346 883 2404 eadam
897 2359 977 2401 causa
994 2357 1038 2399 me

241 2470 322 2527 quam
335 2452 409 2508 illum
424 2449 511 2521 potius
526 2446 636 2517 puniet,
651 2453 696 2499 aut
710 2442 783 2497 illuni
799 2454 878 2511 quam
895 2452 938 2493 me
948 2436 1038 2507 potius
1074 2464 1076 2468 ·

243 2541 384 2601 liberabit?
402 2540 482 2596 stiae
500 2552 554 2594 non
577 2536 638 2593 dico
662 2550 669 2587 ι
694 2534 716 2591 sl
739 2534 838 2603 quaeris
852 2544 952 2601 quare;
977 2528 1060 2599 quia.

243 2639 330 2695 latcor
344 2652 387 2693 me
402 2650 454 2690 noa
467 2631 588 2689 inuenire
602 2628 666 2707 quid
684 2626 781 2684 dicam.
798 2626 826 2682 st
839 2634 865 2681 et
878 2624 929 2681 boc
939 2623 1038 2695 quaeris

243 2744 344 2807 quarm
364 2726 424 2800 quia
441 2726 467 2781 in
490 2722 666 2779 haeresiani
681 2720 754 2791 justa
766 2726 809 2774 est
821 2718 859 2773 ira
871 2716 947 2787 ejas,
970 2716 1040 2771 sicat

244 2835 340 2893 magna
353 2823 396 2879 est
412 2814 593 2875 misericordia
607 2812 681 2884 ejus,
697 2810 732 2869 ita
747 2809 927 2867 inscrutabilia
939 2807 1039 2879 judicia

247 2913 317 2985 eins·

279 3004 324 3063 ts.
339 3004 432 3060 Adbuc
450 2988 543 3075 pergat
555 3009 583 3057 et
598 3000 684 3065 dieat,
701 2996 753 3054 Cur
766 2993 916 3069 quibusdam
927 2996 970 3065 pai
983 3011 1041 3051 eum

244 3098 375 3154 coluerunt
390 3096 454 3151 bono
469 3093 530 3164 lide,
544 3106 702 3165 perseuerans
713 3104 791 3158 usque
804 3088 831 3143 in
843 3086 919 3159 liorem
931 3103 981 3141 aon
994 3086 1040 3140 de·

244 3185 303 3248 ator
315 3186 369 3244 Cur
382 3195 476 3260 putas,
495 3184 545 3240 nisi
560 3183 621 3256 quia
635 3198 688 3238 non
702 3180 828 3238 mentitur
842 3178 886 3251 qui
906 3177 984 3245 dicit,
1001 3177 1044 3234 En

244 3261 315 3339 nobis
325 3281 455 3344 maana,
471 3279 575 3334 sednon
594 3286 665 3332 mont
680 3293 711 3332 es
724 3270 815 3344 nobis,·
828 3290 888 3328 nam
900 3274 922 3328 si
936 3273 1043 3345 luissent

245 3390 278 3432 es
287 3373 376 3444 noma,
390 3372 539 3428 mansissent
553 3371 639 3442 utique
653 3367 782 3423 nobiscum
796 3361 817 3440 (1
831 3363 909 3421 Joon.
922 3382 958 3433 tt,
974 3364 1042 3438 tall

244 3452 381 3540 Numquid
393 3480 456 3538 ergo
474 3463 610 3522 hominum
631 3471 733 3520 naturae
746 3460 805 3516 duae
819 3458 899 3516 santi
912 3457 997 3516 Absit.
1013 3458 1042 3515 Si

245 3558 306 3617 duae
318 3568 420 3614 naturae
432 3564 523 3613 essent
533 3595 539 3622 ,
550 3556 635 3628 gratia
650 3553 702 3608 ulla
717 3567 771 3608 non
783 3561 855 3608 esset
868 3568 874 3604 :
887 3549 952 3606 nalli
970 3549 1042 3606 enim

245 3651 356 3709 daretur
377 3650 490 3724 grutuita
510 3647 646 3714 liberatio,
661 3646 684 3700 si
698 3654 800 3702 naturas
812 3643 900 3702 debita
915 3641 1043 3698 reddere-

244 3753 300 3804 tur.
313 3743 472 3802 Hominibus
485 3751 574 3798 autem
585 3740 707 3805 ridetur,
721 3738 870 3809 omnesqui
887 3737 948 3793 boni
962 3751 1044 3810 appa-

245 3846 306 3896 rent
320 3836 429 3905 ildeles,
444 3833 670 3907 perseverantiam
683 3846 769 3902 usque
788 3831 814 3886 in
829 3829 908 3886 inem
921 3827 1044 3898 accipere

244 3929 380 3986 debuisse.
400 3927 470 3983 beas
483 3935 571 3982 autem
589 3924 685 3982 melios
697 3937 758 3980 esse
769 3920 916 3994 judicavit,
930 3919 1044 3976 miscere

246 4018 376 4091 quosdam
390 4032 442 4073 non
454 4023 670 4086 perseveraturos
681 4019 755 4070 certa
766 4026 879 4067 numero
890 4019 1043 4066 sanctorum

247 4126 373 4180 suorum;
390 4119 424 4172 nt¹
438 4095 534 4182 qulbus
545 4123 599 4164 non
611 4105 720 4178 expedit
734 4107 760 4160 iu
783 4103 861 4176 liujus
873 4103 934 4158 vitae
954 4111 1043 4158 tenta·

248 4207 318 4262 tione
331 4203 476 4269 securitas,
492 4215 545 4258 uon
560 4199 663 4270 possint
675 4211 736 4254 essa
749 4197 847 4254 securi.
862 4195 958 4250 blaltos
972 4194 1044 4250 enim

247 4313 263 4352 a
287 4295 435 4369 perniciosa
448 4293 562 4350 elatione
580 4289 704 4361 reprimit
724 4287 794 4362 quod
818 4286 855 4342 ait
870 4286 1014 4356 Apostolus
1034 4303 1042 4342 a

250 4392 425 4462 Quapropter,
444 4386 486 4452 qai
501 4384 689 4447 ridderman,
702 4379 786 4436 sidem
809 4395 841 4434 ne
856 4377 930 4433 cadat
943 4377 966 4450 (l
982 4375 1043 4434 Gor.

248 4499 286 4551 x,
301 4477 357 4553 ti).
373 4477 516 4536 Voluptate
528 4483 618 4530 autem
632 4487 679 4529 sua
692 4469 779 4538 cadit,
795 4469 838 4540 qui
852 4467 921 4525 cadit
933 4485 940 4536 ;
954 4477 981 4524 et
996 4483 1045 4522 ro-

168 4593 173 4600 ·
249 4573 351 4629 luntate
364 4570 411 4627 bet
430 4578 501 4638 stat,
515 4565 561 4638 qui
577 4573 640 4622 stat.
655 4561 797 4619 Petemout
811 4561 877 4616 enim
900 4557 968 4616 bera
990 4569 1045 4615 sto·

250 4662 399 4722 tuerea'llum
409 4659 495 4736 (Rom.
510 4674 569 4728 xta,
579 4655 607 4733 1)
621 4675 629 4712 :
643 4671 697 4712 non
707 4667 770 4726 ergo
779 4655 809 4710 se
825 4653 890 4724 ipse,
902 4652 949 4708 sed
962 4654 1042 4710 beas.

249 4755 438 4813 Verumtamen
452 4753 551 4809 bonum
564 4757 668 4806 estnon
679 4747 875 4817 altumsapere‚
891 4744 937 4800 sed
951 4745 1045 4800 timere

250 4851 306 4924 (id.
320 4865 367 4918 ιι,
379 4845 438 4920 db).
453 4846 483 4902 lu
496 4843 656 4916 cogitatione
666 4849 753 4896 autem
768 4855 814 4896 sua
834 4839 875 4894 ael
889 4838 958 4894 eadit
969 4837 1044 4910 qais·

249 4959 313 5021 que,
323 4941 366 5000 rel
379 4949 441 4996 stat.
453 4937 526 4996 Sicut
540 4943 629 4992 autam
640 4933 782 5004 Apostolus
795 4931 923 5002 aliquod
937 4931 963 4985 in
975 4930 1045 4986 libro

250 5035 389 5108 superiore
399 5027 555 5094 memoravi,
568 5023 629 5082 Non
637 5043 723 5082 sumtis
734 5023 819 5080 idonei
832 5022 1046 5096 copitareoliqaid

252 5128 323 5202 quasi
339 5143 370 5182 ea
388 5119 587 5196 nobismetipsis,
601 5121 646 5175 sed
665 5117 813 5192 sufficientia
832 5127 918 5171 nostru
936 5131 968 5170 es
990 5113 1045 5169 Deo

252 5231 287 5276 est
298 5217 332 5294 tlt
345 5215 404 5276 Cor.
420 5232 465 5283 nt,
477 5215 515 5286 5).
526 5211 611 5284 Quem
625 5220 731 5268 secutus
744 5219 772 5264 ct
786 5207 879 5264 bemus
889 5205 1046 5261 Arnbrosius

252 5313 332 5370 audet
355 5309 382 5368 'et
402 5309 466 5365 dicit
485 5325 493 5363 ι
514 5303 575 5362 Non
594 5303 699 5360 enimin
713 5309 832 5374 potestate
845 5309 931 5354 nostra
945 5315 988 5352 eor
1000 5314 1047 5351 no·

253 5415 380 5475 strumii
392 5411 487 5461 nostre
503 5399 674 5473 capitatione.
689 5395 765 5464 Quod
780 5393 867 5450 omnis
880 5393 925 5463 qai
940 5391 1047 5448 bumili-

253 5506 332 5556 taret
344 5495 474 5556 reradter
490 5491 548 5565 pius
560 5496 618 5558 est,
634 5502 694 5546 esse
704 5485 871 5542 verissimum
885 5481 975 5538 sentit.

289 5589 334 5648 itt.
349 5587 406 5646 iios
425 5595 516 5644 autem
541 5581 696 5640 Ambrosius
710 5586 738 5634 at
750 5577 869 5644 diceret,
892 5575 919 5630 'm
932 5588 966 5654 sp
979 5571 1048 5631 libro

288 5773 350 5824 ¹stc
364 5755 684 5828 tiss.ttedltl,rsetcdiai,
700 5753 866 5820 Volorpotest
884 5751 989 5806 esdrae
1006 5750 1050 5818 pti

256 5827 538 5892 osmannrattnaa.
712 5879 719 5892 ‚

293 5901 410 5948 ’mam
423 5883 740 5954 “Quamnam

1085 373 1237 443 srtscoat
1317 430 1324 445 ,
1809 385 1882 445 tout

1084 495 1242 567 loquebatur
1253 508 1332 569 quem
1342 493 1376 551 de
1385 493 1458 568 lupa
1471 494 1561 553 moult
1573 494 1691 567 scripsit,
1703 493 1814 565 docens,
1828 496 1881 553 boc

1082 588 1209 644 saeculum
1224 603 1278 644 non
1290 602 1421 658 corpore,
1445 585 1494 658 sed
1510 587 1592 643 eorde
1612 584 1766 659 iuglandum
1782 605 1790 643 s
1806 585 1880 661 quod

1082 684 1133 738 uisi
1148 682 1248 740 auxilio
1261 680 1308 737 bei
1328 680 1385 738 lieri
1401 693 1461 737 non·
1474 696 1554 752 passe
1566 681 1701 737 disseruit.
1718 668 1763 735 Ait
1781 682 1854 737 enlm
1872 698 1879 735 :

1084 772 1215 848 Frequens
1233 774 1307 830 nobis
1325 769 1357 828 de
1375 773 1496 847 sumendo
1514 774 1607 829 serato
1619 773 1668 829 isto
1684 787 1786 837 senno:
1805 783 1882 843 atque

1083 867 1180 920 utinum
1190 883 1266 937 quem
1279 865 1362 937 {neilis
1375 881 1476 932 sermo,
1491 874 1544 920 tunt
1555 873 1644 920 cautus
1664 874 1687 920 et
1699 864 1822 919 sollicitus
1837 867 1881 931 op*-

1083 957 1163 1027 fectas
1174 972 1184 1012 .·
1196 960 1241 1013 sed
1251 998 1260 1024 ,
1275 955 1343 1027 quod
1352 953 1425 1028 pep‘as
1439 948 1491 1023 esi,
1513 960 1656 1029 frequenter
1666 956 1755 1032 irrepit
1767 947 1882 1010 terrena·

1083 1052 1140 1104 ram
1157 1048 1275 1105 illecebra
1291 1050 1473 1121 cupiditatum,
1496 1058 1520 1105 rt
1534 1049 1675 1105 vamtatem
1696 1048 1788 1119 effode
1811 1067 1883 1105 naen·

1084 1140 1134 1194 ic'm
1146 1149 1265 1212 occupas·
1279 1146 1306 1195 ut
1319 1146 1386 1212 quod
1398 1139 1500 1195 studeas
1512 1140 1599 1207 uitare,
1615 1141 1662 1197 boc
1675 1142 1768 1215 sopitas
1780 1141 1883 1197 animo-

1084 1247 1131 1303 que
1140 1230 1235 1285 uolnus.
1253 1230 1329 1299 Quod
1341 1247 1428 1287 savem
1445 1230 1546 1304 difficile
1558 1241 1594 1287 ert
1604 1231 1701 1287 bomini
1712 1275 1720 1300 ,
1732 1249 1825 1289 saum
1838 1250 1883 1287 au·

1088 1331 1137 1377 em
1148 1322 1312 1395 impossibile.
1327 1322 1442 1395 Denique
1451 1323 1501 1378 uoti
1514 1323 1595 1396 acopis
1607 1340 1663 1378 eunt
1675 1340 1728 1381 esse
1741 1341 1794 1380 nean
1804 1341 1883 1395 quam

1092 1410 1207 1481 effectus,
1218 1420 1323 1469 testatur
1333 1413 1459 1486 propiata
1470 1413 1576 1469 dicendo
1588 1456 1597 1483 ,
1611 1414 1733 1470 eberbac
1742 1431 1787 1470 cor
1799 1432 1884 1470 ιιιειιιιι

1085 1502 1112 1557 in
1126 1503 1266 1558 testimonio
1279 1513 1334 1573 tua,
1346 1512 1370 1559 et
1391 1521 1442 1560 non
1460 1496 1488 1561 in
1509 1506 1642 1561 masiliam
1660 1503 1769 1578 slPsol.
1781 1520 1883 1575 exutis,

1086 1593 1143 1667 36).
1172 1591 1235 1651 Non
1256 1595 1323 1651 enim
1345 1596 1373 1651 in
1393 1606 1515 1670 potestate
1528 1611 1669 1655 nostrocor
1681 1608 1794 1655 nostrum
1808 1609 1831 1653 et
1844 1617 1885 1655 eo·

1085 1687 1219 1757 pitationes
1236 1698 1344 1754 nostrae,
1359 1704 1416 1761 pare
1433 1688 1569 1761 improuiso
1590 1688 1680 1759 offusae
1697 1702 1804 1745 mentem
1825 1692 1884 1745 arti·

1085 1796 1204 1851 mumque
1214 1769 1385 1852 confundant,
1398 1792 1473 1857 atque
1485 1782 1537 1839 aiio
1548 1785 1652 1839 tradunt
1663 1800 1740 1856 quam
1751 1794 1779 1839 m
1788 1802 1884 1857 propo-

1086 1871 1166 1926 sueris
1180 1886 1191 1924 .·
1203 1870 1238 1925 od
1251 1870 1384 1927 sesmaria
1398 1882 1533 1940 reuocant,
1547 1872 1678 1931 mundano
1696 1868 1828 1941 inserant,
1844 1892 1885 1929 uo·

1088 1962 1217 2034 lupinaria
1228 1964 1347 2036 inperunt
1362 1961 1391 2035 ¹,
1409 1967 1556 2022 illecebroso
1568 1966 1686 2023 inteeunt
1697 1966 1719 2035 ¹,
1733 1968 1839 2041 ipsoque
1857 1967 1887 2021 in

1087 2061 1198 2126 tempore
1211 2051 1261 2129 quo
1271 2056 1368 2112 stenaro
1380 2065 1487 2112 mentem
1496 2074 1625 2130 paramus,
1641 2055 1730 2114 inserti
1742 2058 1753 2090 ¹
1764 2056 1886 2114 inanibus

1088 2146 1280 2221 capitationibus
1290 2148 1325 2203 od
1334 2157 1433 2205 terreno
1442 2149 1590 2225 pierumque
1600 2150 1733 2225 dejicimur
1743 2151 1794 2224 (Dr
1807 2148 1887 2225 Fupn

1088 2238 1194 2305 saeaii,
1215 2256 1274 2312 cap.
1287 2240 1327 2312 1).
1342 2238 1400 2295 Non
1419 2242 1508 2315 itaque
1522 2242 1550 2298 in
1563 2244 1698 2299 bominum
1710 2284 1717 2310 ,
1731 2243 1779 2299 sed
1794 2244 1821 2299 in
1836 2242 1888 2299 Dei

1089 2339 1131 2385 est
1154 2333 1304 2400 potestate,
1330 2338 1360 2387 ut
1381 2330 1496 2390 habeant
1522 2334 1642 2390 bomines
1665 2342 1824 2404 potestatem
1839 2332 1888 2389 salii

1090 2420 1137 2476 liei
1148 2421 1205 2475 lieri
1221 2418 1312 2495 (loon.
1322 2438 1349 2489 r,
1363 2420 1419 2495 ti).
1434 2423 1476 2481 Ab
1488 2425 1546 2496 ipso
1556 2426 1653 2498 quippe
1667 2426 1800 2497 accipiunt
1813 2440 1885 2496 earn,

1090 2509 1138 2586 qiii
1145 2513 1190 2570 dat
1201 2513 1276 2571 cordi
1286 2514 1403 2572 humano
1416 2518 1591 2589 cogitationes
1605 2519 1677 2590 pias,
1693 2534 1741 2588 per
1758 2532 1825 2589 quas
1835 2517 1888 2573 ba·

1090 2603 1261 2675 basilidem,
1274 2621 1334 2678 quae
1353 2616 1479 2678 operetur
1492 2603 1723 2679 perdilectionem
1737 2606 1834 2683 (Gaias.
1848 2601 1887 2677 r,

1091 2696 1119 2773 ii)
1137 2717 1144 2755 :
1157 2698 1191 2755 ad
1203 2699 1276 2773 quod
1289 2700 1388 2755 bonum
1398 2700 1555 2756 sumendum
1569 2710 1597 2756 et
1610 2700 1763 2768 tenendam,
1775 2708 1803 2756 et
1815 2701 1842 2755 in
1853 2715 1889 2756 eo

1091 2801 1294 2863 perseveranter
1305 2786 1430 2863 usquein
1445 2790 1525 2846 daem
1545 2790 1755 2861 proiciendum,
1771 2806 1823 2847 non
1838 2807 1888 2847 su-

1091 2896 1151 2937 mus
1170 2880 1258 2937 idonei
1278 2882 1395 2953 cogitare
1408 2881 1508 2954 aliquid
1522 2882 1597 2955 quasi
1611 2897 1646 2939 ex
1667 2882 1888 2954 nobismetipsis,

1092 2972 1140 3029 sed
1152 2970 1311 3030 sufficientia
1325 2981 1420 3030 nostra·
1435 2989 1468 3030 ex
1484 2974 1537 3029 lieo
1552 2984 1608 3040 est3
1622 2974 1649 3029 in
1668 2975 1744 3045 cujus
1755 2975 1798 3032 e'st
1810 2982 1889 3047 pote-

1092 3072 1162 3119 state
1173 3080 1220 3119 cor
1231 3073 1352 3119 nostrum
1372 3073 1400 3120 et
1412 3065 1588 3137 cogitationes
1602 3072 1711 3121 nostrae.

1128 3151 1243 3215 cirus
1258 3151 1305 3214 lx.
1317 3154 1411 3214 -st
1422 3146 1462 3214 Er
1477 3156 1581 3214 daubus
1601 3158 1690 3230 itaque
1702 3153 1820 3229 parvulis
1831 3156 1890 3213 ori·

1093 3248 1173 3322 ginali
1184 3258 1292 3321 peccato
1305 3249 1404 3321 pariter
1416 3248 1569 3320 obstrictis,
1591 3263 1640 3307 cur
1654 3251 1704 3307 iste
1715 3257 1888 3318 assumatur,

1093 3343 1139 3397 ilie
1153 3341 1334 3413 relinquatur;
1356 3352 1431 3399 etex
1453 3341 1556 3399 duobus
1576 3352 1655 3399 aetate
1673 3344 1729 3414 jam
1743 3342 1896 3415 grandibus¹

1094 3433 1183 3506 implls
1194 3475 1202 3500 ,
1215 3446 1263 3489 cur
1285 3436 1335 3491 iste
1349 3435 1384 3491 ita
1399 3440 1525 3503 nocetur,
1540 3445 1570 3492 ut
1584 3444 1722 3492 uocantem
1742 3444 1890 3508 sequatur,

1093 3523 1139 3581 illa
1151 3533 1241 3581 autem
1255 3533 1302 3581 aut
1319 3538 1374 3582 non
1385 3536 1512 3592 uocetur,
1526 3536 1571 3583 aut
1584 3541 1637 3583 non
1650 3527 1685 3582 ita
1695 3535 1824 3594 nocetum
1844 3525 1890 3581 ln-

1094 3617 1249 3673 serutabilia·
1265 3626 1327 3673 sunt
1343 3617 1443 3688 judicia
1463 3614 1521 3674 liet.
1535 3617 1577 3672 Ex
1590 3617 1694 3674 duobus
1713 3627 1801 3673 autern
1816 3616 1890 3689 piis,

1093 3723 1142 3765 cur
1156 3707 1218 3765 lraie
1238 3707 1354 3764 donetur
1373 3711 1671 3780 perseverantiamque
1691 3709 1719 3764 in
1733 3707 1831 3774 linem,
1851 3707 1891 3764 illl

1094 3813 1149 3856 non
1161 3800 1291 3868 donetur;
1312 3799 1525 3888 inscrutabiliora
1547 3809 1610 3857 sunt
1630 3800 1729 3871 judicia
1744 3799 1802 3856 Del.
1822 3798 1896 3857 illud

1095 3903 1183 3950 tamen
1198 3893 1320 3951 fidelibus
1335 3893 1414 3951 debet
1428 3907 1489 3950 essa
1502 3893 1691 3960 certissimum,
1704 3894 1844 3950 huncesse
1855 3909 1892 3951 ex

1094 3985 1307 4059 pradestinatls,
1321 3986 1396 4042 tilam
1417 3999 1470 4041 nau
1484 3999 1554 4043 esse.
1567 3983 1637 4041 Nom
1649 3985 1673 4042 si
1684 3987 1791 4059 ruinam
1803 4001 1835 4042 es
1847 4003 1893 4041 no·

1095 4079 1143 4146 bis,
1156 4081 1193 4134 alt
1207 4093 1274 4134 anus
1285 4077 1546 4148 predestinatorum,
1558 4079 1603 4150 qul
1615 4079 1649 4135 de
1662 4087 1771 4151 pectore
1783 4077 1901 4135 bomini·

1094 4171 1198 4228 biberat
1217 4171 1268 4228 boc
1291 4181 1445 4238 secretum,
1471 4164 1622 4228 mansissent
1644 4174 1730 4246 ratique
1750 4173 1890 4230 reducum.

1095 4262 1163 4333 Quid
1176 4274 1236 4332 est,
1250 4277 1350 4334 qrtaeso,
1363 4259 1424 4318 Noa
1437 4274 1509 4318 mont
1524 4279 1555 4319 en
1567 4263 1650 4332 nolte
1659 4261 1719 4318 nam
1731 4263 1754 4320 si
1764 4265 1889 4337 imment,

1094 4359 1244 4413 moderent
1269 4359 1357 4432 utique
1378 4358 1530 4415 nobiseum?
1554 4357 1647 4414 Nonne
1669 4359 1774 4430 utrique
1797 4374 1812 4414 a
1835 4358 1892 4415 beu

1095 4451 1193 4517 creab,
1208 4451 1314 4521 utrique
1325 4463 1359 4506 ex
1374 4450 1458 4505 Adam
1471 4451 1539 4517 nati,
1560 4451 1667 4521 utrique
1678 4449 1713 4506 de
1734 4458 1805 4507 terra
1825 4436 1892 4507 iacti

1095 4552 1182 4613 erant,
1193 4552 1221 4600 et
1233 4543 1310 4619 abeo
1321 4543 1366 4614 qui
1377 4541 1453 4609 dixit,
1468 4539 1574 4598 Omnem
1588 4541 1680 4615 potam
1689 4559 1735 4616 epo
1747 4533 1801 4612 feei
1812 4540 1910 4618 (isari.v

1095 4651 1165 4703 ιιιι,
1180 4635 1244 4707 itt),
1266 4635 1344 4692 aulus
1358 4633 1531 4706 ejusdemque
1546 4642 1648 4691 naturae
1661 4635 1764 4693 animas
1776 4641 1893 4707 accepe-

1095 4728 1172 4784 rant?
1185 4726 1280 4784 Nonne
1294 4731 1431 4799 postremo
1449 4728 1552 4799 utrique
1570 4726 1656 4782 vorati
1668 4727 1788 4797 inerant,
1802 4737 1830 4784 et
1840 4745 1892 4786 uo-

1095 4828 1200 4877 cantem
1215 4819 1317 4886 secati,
1332 4819 1436 4889 utriqae
1448 4833 1480 4874 ex
1492 4817 1580 4891 impiis
1588 4817 1775 4888 Justlicatiet
1788 4830 1837 4891 per
1849 4821 1893 4879 la·-

1096 4928 1204 4969 vacram
1226 4911 1436 4984 regenerationis
1453 4911 1559 4983 utrique
1573 4911 1714 4967 renovati?
1726 4911 1779 4968 S'cd
1791 4913 1813 4968 si
1833 4911 1894 4971 ltaec

1096 5005 1200 5061 audian
1219 5004 1279 5069 ille,
1299 5003 1344 5073 qni
1358 5002 1459 5058 sciebat
1472 5001 1567 5074 procul
1584 4999 1665 5058 dubio
1678 5001 1749 5076 quod
1767 5003 1892 5074 dicebat,

1096 5097 1259 5168 respondero
1275 5103 1364 5167 posset
1376 5102 1404 5150 et
1418 5094 1529 5152 dicere:
1546 5091 1614 5152 Vera
1632 5103 1695 5150 sunt
1706 5095 1779 5165 haee,
1794 5109 1895 5152 seeun-

1097 5188 1160 5245 dum
1174 5189 1232 5243 ltaec
1245 5189 1335 5243 ontttia
1347 5203 1379 5243 cx
1391 5188 1469 5243 nobis
1490 5195 1585 5254 erant;
1599 5195 1782 5246 verumtamen
1795 5185 1896 5245 secun-¹

1097 5281 1161 5337 dum
1172 5279 1251 5335 allam
1266 5279 1408 5351 quamdam
1422 5277 1612 5336 discretionem
1626 5293 1680 5335 non
1693 5287 1770 5335 eraut
1785 5295 1821 5336 ex
1843 5281 1896 5336 tio-

1098 5377 1157 5442 bis;
1171 5389 1231 5430 nam
1247 5375 1269 5430 si
1288 5371 1402 5430 luissent
1415 5389 1448 5429 ex
1462 5373 1554 5440 nobis,
1567 5371 1729 5430 mansissent
1740 5370 1831 5444 titique
1843 5389 1893 5426 no-

1099 5468 1211 5526 biseum.
1223 5466 1289 5536 Quae
1299 5475 1340 5523 est
1355 5466 1463 5522 tandem
1473 5464 1485 5498 ⁴
1497 5466 1547 5522 ista
1556 5463 1701 5522 discrutot
1713 5463 1808 5521 Patent
1820 5464 1895 5522 Libri

1099 5560 1165 5626 bei3
1184 5573 1238 5614 noa
1250 5566 1401 5614 avertamus
1418 5565 1556 5630 aspectum
1569 5557 1687 5616 :clamat
1699 5555 1836 5628 Scriptum
1850 5555 1896 5612 di·

1132 5690 1142 5722 ¹
1158 5677 1896 5754 unmteassesaaueastartrmsasumtaptaiampime

1133 5753 1144 5785 ¹
1161 5751 1331 5802 maranes
1340 5757 1404 5811 tiss„
1415 5753 1552 5802 cmm.

1135 5814 1146 5848 ⁸
1160 5809 1301 5862 noalliensis
1311 5817 1364 5872 sis,
1377 5809 1481 5866 uuerde

1134 5877 1146 5909 ⁸
1159 5885 1248 5925 tamnes
1259 5881 1323 5936 tiss,
1331 5881 1420 5925 water.
