4009 6375
242 390 310 453 stat

239 513 298 585 ipsa
319 520 378 580 quae
404 499 494 559 trahit.
513 499 605 563 Porro.
629 498 653 555 si
674 513 734 553 earu
748 494 846 551 malum
860 507 920 549 esse
933 490 1031 546 veritas

239 604 354 664 clumam
369 594 490 669 prolecto
503 608 562 649 eam
574 590 619 663 oui
634 590 693 645 sine
711 588 765 643 nllo
787 587 858 641 malo
875 592 955 640 natus
979 590 1030 647 est,

239 709 300 751 non
317 689 442 754 habebat,
457 700 489 742 ac
501 700 549 757 per
563 682 624 748 hoc,
638 688 776 753 peecatum
796 679 865 734 sieut
883 692 936 733 non
957 673 1027 739 lecit,

241 786 279 843 ita
301 798 350 839 nec
368 779 530 850 eoricupiuit.
550 776 605 833 Nos
626 775 716 846 itaque
735 773 870 829 imitamur
883 785 955 836 eum,
969 783 1030 824 cum

241 884 381 949 peccatum
396 889 448 927 non
463 869 586 936 iacimus,
600 882 655 922 nou
672 863 774 937 peccati
788 859 1031 933 concupiscentiam

240 984 296 1028 nou
319 965 451 1031 habendo,
465 962 512 1020 sed
527 976 581 1018 non
594 960 620 1019 ei
634 954 825 1015 consentiendo
841 952 980 1027 :qrramris
995 952 1032 1006 ita

239 1058 378 1116 imitemur
394 1056 468 1111 illum
481 1054 608 1110 Sanctum
621 1057 789 1116 sanctorum,
808 1062 869 1104 cum
886 1046 955 1102 bene
968 1043 1034 1099 rivi·

241 1166 314 1217 mus,
326 1159 355 1204 ut
374 1158 463 1203 tamen
483 1162 539 1201 uon
561 1144 632 1201 desit
644 1142 714 1197 urrde
726 1141 844 1197 dicamus
864 1139 890 1194 in
911 1136 1034 1191 oratioue

240 1249 345 1305 neuin,
359 1239 465 1294 Dimitte
486 1236 556 1291 nobit
573 1236 656 1291 dedite
668 1242 755 1289 nostru
784 1230 899 1303 (dietih.
914 1244 953 1295 ur,
964 1227 999 1283 {2
1011 1224 1032 1301 ).

241 1333 300 1407 Ego
313 1340 402 1389 autem
417 1346 472 1387 non
491 1330 530 1386 sic
551 1326 656 1383 laudaui
676 1326 884 1397 Hieronymum,
900 1320 1034 1393 quomodo

242 1424 367 1497 Pelagius
390 1420 508 1478 laudauit
534 1419 716 1484 Ambrosium,
731 1414 803 1487 quod
826 1414 886 1485 eius
909 1411 988 1467 ladem
1008 1418 1035 1465 ct

242 1518 413 1591 purissimum
424 1516 452 1571 in
463 1513 608 1584 scripturis
622 1527 733 1568 sensum
745 1525 780 1565 ne
789 1507 911 1563 inimicus
925 1504 1046 1587 nitidem,

241 1626 323 1667 ausus
336 1619 378 1667 est
387 1606 584 1679 reprehendere
594 1604 645 1676 (lle
658 1604 739 1677 gretia
749 1601 853 1667 Christi,
864 1618 909 1656 un.
920 1599 966 1666 lb,
977 1598 1033 1669 ll).

243 1704 282 1759 Ac
292 1717 341 1774 per
352 1702 403 1757 hoc
416 1700 437 1756 si
446 1698 510 1771 quid
523 1696 589 1753 mibi
599 1696 731 1767 displicet,
741 1692 908 1765 reprebendo
918 1690 944 1746 in
957 1684 1036 1745 amici

241 1794 350 1864 scriptis
363 1794 383 1859 ¹,
400 1792 469 1847 sicut
478 1789 507 1847 iu
521 1791 598 1846 meis.
612 1787 665 1845 Sed
676 1786 748 1843 aliud
760 1794 802 1842 est
813 1784 910 1841 alicubi
926 1781 1038 1839 catholi-

243 1902 306 1943 crsu
318 1900 420 1949 errare,
436 1882 508 1940 aliud
521 1881 611 1952 magni
622 1880 722 1937 erroris
731 1879 812 1935 etiam
833 1878 958 1933 heresim
972 1889 1038 1931 con-

241 1976 473 2035 dereveltenere.
809 2044 813 2052 ι

279 2068 336 2126 XC.
351 2068 410 2125 lun.
426 2065 478 2125 Sed
494 2066 556 2123 binc
576 2066 625 2122 ista
643 2062 778 2121 sufficiant
793 2061 953 2119 :veniamus
967 2074 1039 2115 nunc

244 2160 278 2219 ad
294 2161 371 2229 illud,
386 2162 411 2217 in
432 2177 485 2233 quo
498 2175 560 2231 pars
573 2159 674 2232 negotii
693 2172 790 2229 magna
810 2163 949 2221 versatum
961 2153 1038 2225 cuijus

244 2254 362 2327 potentm
377 2254 543 2310 examinatus
556 2262 584 2309 et
600 2252 769 2308 exanimatus
782 2248 987 2304 Manichaeorum
1000 2246 1041 2301 le·

243 2355 333 2421 gatos,
350 2355 403 2402 tam
429 2344 515 2401 lidelis
538 2341 723 2415 responsionis
748 2340 907 2395 documenta
930 2336 1040 2409 protulit

246 2454 328 2512 mam
345 2437 476 2509 elegantis
498 2435 606 2507 ingenii.
623 2434 690 2489 Nam
713 2441 853 2505 postquam
873 2431 944 2487 dicta
967 2446 1038 2499 mea,

245 2546 306 2603 quae
318 2545 397 2602 supra
409 2528 497 2600 posui,
510 2528 583 2584 nulla
597 2543 626 2584 re
640 2542 709 2583 noua
724 2526 916 2593 intercedente,
926 2524 1042 2581 laudarit

245 2628 275 2679 et
288 2620 421 2693 probauit,
436 2618 470 2675 ad
484 2634 543 2676 eam
561 2628 662 2690 partem
683 2634 734 2691 qua
756 2616 901 2689 disputatio
923 2633 938 2673 a
964 2618 1041 2674 nobis

246 2710 379 2782 promissa
393 2710 577 2781 supplebatur,
591 2710 704 2767 accessit
715 2728 722 2766 ι
733 2719 869 2782 querente
880 2709 1040 2781 mequippe,

246 2817 297 2875 per
311 2801 373 2873 quid
383 2802 434 2858 sub
446 2800 552 2858 diabolo
563 2811 663 2871 amnt,
674 2816 741 2874 quos
754 2802 825 2857 Deus
834 2800 912 2869 lecit;
926 2800 959 2857 ad
969 2800 1041 2873 quod

247 2895 375 2967 respondi
385 2896 469 2966 ipsius
483 2896 602 2963 nomine,
618 2893 670 2951 Per
685 2905 823 2968 peecatum,
836 2912 887 2950 non
911 2911 956 2966 per
968 2903 1044 2949 nutu·

249 3004 327 3045 rum:
341 2997 369 3043 et
380 2987 460 3045 retuli
474 2987 508 3045 de
518 3003 590 3057 meo,
604 2988 667 3056 Sed,
678 2990 742 3044 deut
753 2989 906 3059 ipaeormur’t
917 2998 938 3055 ¹,
952 2997 980 3044 ut
992 3005 1043 3045 uon

250 3088 330 3154 potest
342 3097 395 3136 erae
404 3080 457 3136 aine
469 3079 570 3137 recidua
582 3084 657 3150 fetus,
672 3080 707 3134 itu
720 3096 765 3135 uec
775 3080 829 3135 uiue
841 3080 967 3135 uoluntate
976 3079 1044 3135 deli·

249 3181 327 3230 ctrtm.
345 3170 445 3228 liabent
460 3170 539 3246 igitur
551 3180 662 3245 tempore
674 3178 808 3243 conceptus
821 3171 871 3240 sui,
887 3172 987 3244 pomuli
1000 3189 1045 3226 uo-

250 3265 387 3332 luntatem,
400 3263 444 3336 gui
463 3262 547 3319 adhue
568 3263 679 3318 animum
697 3280 748 3318 aon
769 3261 876 3329 moene
894 3264 1045 3321 trutinabant

251 3365 363 3428 tempore
371 3363 471 3411 exortus
483 3356 534 3420 eui,
543 3355 585 3426 gui
592 3355 675 3410 adhue
682 3355 789 3410 rationis
796 3372 869 3411 uuum
881 3373 933 3411 nort
942 3355 1043 3412 hubent.

184 3481 187 3486 -
250 3445 318 3518 Cum
330 3447 363 3502 ad
378 3447 450 3502 lrnnc
463 3446 544 3518 igitur
554 3447 674 3502 uenisset
685 3445 785 3512 locum,
795 3446 847 3502 hoc
860 3447 944 3504 solum
954 3447 987 3504 de
997 3464 1046 3503 no-

252 3539 316 3595 stris
330 3536 469 3610 proposuit
487 3536 610 3610 obJectis,
624 3535 715 3605 idest,
728 3535 823 3593 Sedet
839 3554 890 3592 uon
904 3547 1046 3610 potestesse

252 3631 307 3688 tine
318 3630 418 3687 residua
430 3634 506 3705 petua,
519 3626 556 3684 itu
568 3645 614 3685 uec
631 3629 686 3686 eine
704 3629 831 3685 uoluntate
848 3629 967 3686 delictum
979 3648 988 3686 .·
1000 3648 1045 3688 re·

157 3761 161 3767 ·
252 3723 423 3798 sponditoue,
437 3721 481 3780 ltu
496 3739 563 3790 uec,
577 3721 809 3778 {uersarentur
830 3741 841 3775 r
855 3740 899 3794 per
909 3739 988 3778 unuur
999 3724 1047 3779 lm«

253 3821 346 3875 ninum
359 3827 489 3889 peccatum
500 3815 602 3872 intrauit
620 3814 796 3884 inmundum,
810 3823 834 3870 et
849 3831 895 3888 per
915 3824 1046 3887 peccatum

252 3928 338 3978 mom
350 3921 373 3966 et
383 3913 419 3966 itu
432 3911 460 3966 in
470 3907 677 3966 omaeabcminer
692 3908 846 3980 pertransiit,
861 3908 888 3963 iu
902 3925 950 3981 gno
959 3924 1046 3965 orrruet

252 4009 437 4078 peremerunt»
450 3999 539 4074 (Rom.
551 4014 580 4068 u,
595 3998 652 4072 ld).
669 3997 719 4053 Per
730 3998 883 4076 uniueiitiur
894 3999 1047 4055 uolumutem

254 4093 350 4148 mulum
363 4107 449 4146 ontees
458 4091 485 4145 r'n
496 4107 525 4146 eo
538 4099 712 4161 peccauerunt,
727 4089 827 4161 mondo
835 4106 920 4146 omnes
929 4090 1045 4146 illeunus

255 4189 367 4259 sumunt,
389 4185 421 4243 de
443 4201 492 4258 guo
504 4196 637 4258 propterea
656 4187 750 4258 depuli
772 4195 902 4257 peceatum
923 4186 1046 4258 edmunde

255 4290 384 4337 vaurum
397 4280 410 4354 (
412 4278 450 4336 De
458 4279 567 4353 Nuptiis
579 4289 603 4335 et
616 4278 824 4352 Concupiscentia
834 4320 841 4344 ,
852 4279 896 4335 tit.
906 4279 934 4347 2,
947 4297 975 4338 rr,
987 4277 1044 4352 ¹5).

255 4371 396 4430 hectorem
409 4371 488 4444 igitur
499 4370 637 4438 adhortor,
653 4379 684 4427 ut
696 4369 850 4427 condictum
865 4379 985 4427 nostrum
1003 4370 1045 4426 ri·

255 4466 369 4539 gilanter
382 4465 516 4537 inspiciat.
533 4463 601 4533 Quid
619 4463 666 4520 tibi
682 4462 792 4534 proluit,
807 4463 986 4520 eruditissime
1006 4462 1047 4519 bl·

254 4556 365 4628 pedum,
378 4571 465 4627 meam
477 4570 532 4612 non
551 4556 675 4628 supplere
692 4555 866 4622 sententiam
881 4570 941 4612 cnm
958 4554 1008 4611 etsi
1019 4554 1045 4611 in

256 4665 289 4708 ea
299 4661 384 4721 parte,
397 4665 477 4722 quam
487 4649 658 4721 suppressisti
669 4649 766 4721 prioris
779 4649 842 4705 dicti
856 4649 987 4720 expositio
1005 4658 1045 4704 te-

256 4751 480 4810 numennumen
499 4743 579 4798 etiam
592 4741 618 4796 in
639 4741 694 4810 illo,
710 4741 781 4812 quod
794 4740 841 4797 tihi
855 4740 985 4812 obiecisti,
1006 4741 1046 4796 ris

257 4849 333 4906 arque
345 4843 401 4889 tota
415 4833 558 4889 consistat?
567 4832 697 4905 Proposui
708 4833 807 4906 quippe
820 4832 944 4901 lldeliter,
959 4842 988 4890 ut
1001 4841 1046 4890 tua

256 4941 362 5000 quoque
373 4925 552 4983 manifestarit
563 4926 713 4997 'emensio
721 4925 793 4998 quod
802 4941 818 4982 a
828 4926 931 4983 tesolct
940 4925 1044 4995 relerri,

255 5027 284 5076 et
301 5019 468 5090 interrogans
486 5033 534 5090 per
552 5017 616 5091 quid
635 5017 686 5075 sub
704 5016 811 5076 diabolo
829 5026 920 5075 essent
934 5017 1045 5089 parvuli,

239 5125 324 5182 ⁴(praes
336 5109 441 5165 lecisset
451 5109 531 5180 heus,
545 5110 669 5182 respondi
679 5109 737 5166 uice
745 5118 799 5181 tua,
813 5127 824 5163 ι
835 5109 885 5166 Per
895 5118 1044 5180 peccatum,

256 5219 310 5261 non
325 5219 374 5274 per
389 5212 521 5259 naturam.
540 5223 550 5259 r
570 5202 659 5274 Gerre,
672 5203 747 5259 vides
760 5218 804 5258 me
816 5203 878 5259 binc
892 5202 992 5258 nullam
1005 5201 1045 5258 le·

255 5296 324 5353 cisse
337 5293 468 5351 lraudem.
484 5295 542 5350 llixi
558 5295 629 5364 prrod
643 5295 670 5350 in
683 5310 730 5352 ore
742 5291 900 5350 Traduciani
914 5304 970 5362 est,
985 5294 1047 5350 licet

256 5385 309 5442 boc
328 5400 383 5441 non
403 5384 439 5441 sit
457 5386 483 5440 in
495 5384 629 5456 dogmate.
644 5383 685 5440 Ad
698 5383 770 5456 quod
782 5385 870 5452 retuli,
886 5385 939 5441 Sed
952 5394 980 5440 ut
994 5403 1045 5442 uon

257 5485 339 5548 potest
351 5492 404 5532 esre
416 5476 471 5531 sine
482 5474 582 5531 residue
601 5477 676 5546 fetus,
687 5475 724 5530 itu
737 5492 784 5531 nee
796 5475 850 5539 uine
861 5477 987 5532 roimrtute
998 5476 1045 5532 de-

577 381 701 441 occurs
721 374 925 437 tnesnsuclt
944 372 1083 465 comunt
1101 368 1279 440 subtantiis,
1300 370 1329 429 S.
1349 367 1534 429 ndcdsltrtt

1084 502 1147 545 nam
1162 501 1374 545 commemorans
1387 486 1457 558 quod
1467 502 1516 543 nos
1529 482 1687 555 dixeramus,
1700 484 1757 557 quia
1771 497 1799 543 ut
1811 504 1859 548 non
1961 556 1964 565 1

1796 370 1860 433 liii

1087 590 1158 638 esset
1171 582 1271 655 absque
1287 581 1394 639 sexibus
1403 580 1481 647 letus,
1497 581 1533 636 ita
1545 596 1594 637 nee
1607 580 1664 636 sine
1677 583 1805 638 voluntate
1815 584 1859 641 dc·
1873 599 1876 615 ·

1086 673 1191 742 lictum;
1209 674 1272 731 illud
1286 674 1356 747 quod
1370 674 1530 746 sequebatur
1546 673 1580 729 dc
1599 672 1761 745 paruulorum
1773 674 1860 733 uolun-

1087 775 1141 825 tate
1153 768 1268 835 tacuisti,
1289 778 1315 824 et
1333 767 1488 840 respondes,
1507 766 1548 821 ltu
1562 782 1629 831 uero,
1644 768 1678 823 im
1691 777 1725 825 eat
1737 785 1745 823 .·
1756 770 1789 824 n'e
1801 769 1861 825 enim

1090 881 1101 915 e
1118 879 1162 935 per
1175 879 1253 918 uuum
1268 863 1394 919 hominem
1407 872 1535 936 peceatum
1547 862 1649 917 intrauit
1661 862 1686 916 t'n
1698 861 1834 916 muudum:
1849 880 1859 915 r

1088 972 1133 1026 per
1144 957 1218 1013 unius
1229 958 1299 1013 illius
1308 957 1463 1013 uoluntatem
1475 955 1569 1011 mulum
1582 972 1666 1011 onrner
1680 956 1704 1010 in
1714 972 1742 1011 eo
1752 970 1861 1025 peceare·

1087 1058 1156 1104 runt.
1171 1050 1286 1105 lloccine
1296 1058 1338 1107 est
1351 1048 1531 1121 responderet
1541 1048 1650 1105 hoccine
1663 1048 1792 1117 disputare
1805 1046 1863 1103 esti

1088 1140 1199 1197 hoccine
1220 1150 1355 1211 postremo
1372 1141 1414 1197 rel
1430 1138 1582 1197 sobrietatis
1596 1138 1693 1195 trabere
1704 1140 1863 1209 respeetnml

1088 1232 1200 1289 Ridetur
1213 1243 1286 1291 certe
1300 1233 1333 1290 ab
1347 1232 1457 1289 eruditis
1472 1232 1602 1312 calliditas
1613 1231 1810 1303 sophismatum,
1823 1230 1863 1287 ubi

1090 1342 1137 1397 per
1148 1326 1361 1383 communionem
1375 1326 1511 1381 nominum
1522 1322 1683 1395 simplicitati
1692 1308 1865 1393 respondentis

1089 1416 1208 1472 illuditur
1224 1435 1230 1470 :
1246 1416 1345 1472 sedilia
1360 1416 1416 1487 ipsa
1431 1415 1593 1487 sophismata
1607 1414 1670 1471 licet
1680 1430 1731 1469 non
1741 1416 1791 1469 sint
1804 1415 1865 1469 reri·

1091 1516 1145 1565 tate
1163 1510 1257 1575 solida,
1272 1510 1371 1565 urbana
1387 1517 1473 1565 tamen
1489 1508 1630 1579 superlicie
1642 1502 1806 1573 colonomon
1821 1507 1866 1563 hoc

1091 1603 1259 1674 utilemquod
1278 1612 1425 1659 monstrum
1448 1601 1636 1673 disputationis
1656 1611 1715 1669 est,
1736 1598 1803 1672 qrrod
1822 1615 1866 1656 nec

1091 1693 1202 1748 veritate
1217 1692 1331 1748 solidum
1345 1701 1395 1760 est,
1412 1708 1461 1750 nec
1469 1693 1632 1765 sophismate
1647 1692 1796 1765 levigatum.
1814 1690 1867 1747 biri

1091 1796 1164 1841 certe
1179 1801 1231 1840 non
1243 1801 1321 1857 posse
1330 1800 1390 1843 essc
1402 1788 1460 1843 sine
1475 1786 1558 1843 libera
1571 1788 1707 1843 uoluntate
1718 1795 1846 1859 peccatum
1859 1802 1865 1840 :

1091 1891 1145 1947 quo
1158 1891 1296 1945 concesso,
1311 1886 1428 1933 uestrum
1442 1876 1538 1951 dogma
1557 1876 1733 1948 consumitur,
1747 1878 1788 1950 qni
1800 1886 1869 1951 puta·

1092 1966 1126 2023 tis
1138 1983 1198 2023 esse
1208 1968 1234 2023 in
1248 1976 1341 2024 natum
1355 1968 1491 2025 hominum
1500 1970 1558 2027 sine
1567 1970 1620 2028 ulla
1632 1971 1868 2029 uoluntatereorum

1092 2057 1227 2113 delictum.

1129 2151 1196 2207 lue.
1211 2150 1267 2222 Ego
1281 2150 1307 2206 id
1320 2152 1406 2209 solum
1419 2150 1543 2225 deopere
1556 2153 1602 2211 illo
1616 2161 1664 2211 tuo
1674 2152 1796 2227 legeram,
1806 2152 1869 2226 quod

1093 2239 1211 2297 chartula
1224 2258 1284 2315 quae
1298 2243 1363 2299 mihi
1372 2246 1453 2301 missa
1466 2254 1517 2311 est,
1526 2246 1689 2303 continebat.
1701 2246 1766 2303 llam
1774 2254 1870 2317 postca·

1093 2350 1172 2407 quam
1183 2335 1352 2407 libmstuos,
1365 2338 1398 2394 de
1418 2338 1515 2410 quibus
1535 2340 1599 2397 illud
1611 2340 1703 2397 nescio
1718 2340 1775 2413 quis
1788 2352 1871 2396 cicer·

1093 2428 1270 2504 psit,inreni,
1287 2428 1321 2485 ad
1342 2438 1436 2486 cuncta
1451 2431 1586 2503 respondi.
1604 2432 1724 2489 Dicimus
1746 2441 1828 2487 animm
1848 2438 1872 2486 et

1094 2533 1154 2587 nos,
1173 2536 1225 2576 nou
1241 2535 1319 2604 posse
1332 2536 1393 2578 esse
1404 2522 1462 2579 sine
1474 2524 1558 2579 libera
1571 2524 1707 2581 uoluntate
1726 2531 1870 2596 peccatum;

1094 2626 1144 2669 nec
1159 2612 1218 2668 ideo
1230 2622 1328 2683 tamen,
1339 2624 1367 2669 ut
1380 2615 1457 2685 dicis,
1474 2626 1595 2673 nostrum
1604 2618 1701 2689 dogma
1710 2618 1872 2679 consumitur,

1094 2722 1154 2763 cum
1170 2708 1314 2765 asserimus
1328 2724 1389 2765 esse
1410 2710 1538 2783 originale
1554 2720 1690 2781 peccatum
1706 2711 1786 2784 :quia
1804 2706 1873 2766 etad

1095 2795 1146 2853 boc
1161 2798 1284 2867 ¹peceuti
1303 2815 1387 2870 genus
1410 2814 1444 2857 ex
1469 2800 1551 2857 libera
1572 2802 1709 2858 uoluntate
1729 2807 1873 2873 peruentum

1095 2900 1145 2958 est,
1163 2906 1215 2947 non
1234 2892 1292 2964 ejus
1307 2894 1413 2965 pmpria
1428 2895 1473 2966 qui
1496 2894 1626 2966 nascitur,
1643 2895 1691 2951 sed
1710 2894 1767 2968 ejus
1784 2893 1808 2950 in
1827 2906 1875 2963 quo

1096 2997 1189 3038 omnes
1198 2983 1363 3055 originaliter
1376 2985 1504 3052 luerunt,
1521 2985 1628 3057 girando
1649 3000 1813 3044 communem
1831 2998 1875 3039 na·

1097 3086 1181 3133 turam
1198 3078 1266 3133 mala
1279 3077 1417 3135 uoluntate
1434 3078 1547 3135 uitiauit.
1567 3078 1625 3135 Non
1640 3081 1739 3137 liabent
1751 3093 1812 3151 ergo
1823 3092 1876 3147 par·

1096 3171 1149 3227 vuli
1164 3180 1282 3242 tempore
1295 3182 1438 3244 conceptus
1448 3174 1489 3230 uel
1502 3182 1577 3230 ortus
1586 3173 1627 3231 sui
1637 3184 1648 3217 ¹
1656 3172 1781 3246 peccandi
1794 3172 1878 3228 volun·

1097 3271 1177 3318 tatem
1195 3264 1263 3319 :sed
1290 3263 1334 3319 ille
1360 3274 1480 3336 tempore
1507 3267 1735 3336 prevaricationis
1754 3279 1807 3320 suae
1825 3277 1877 3318 ma·

1096 3372 1178 3429 gnum
1201 3355 1264 3413 illud
1288 3366 1425 3426 peccatum
1452 3357 1534 3414 libera
1551 3358 1691 3416 uoluntate
1712 3355 1878 3421 commisit,a

1097 3464 1148 3521 qua
1163 3449 1299 3521 originalis
1312 3449 1414 3521 peccati
1434 3450 1585 3521 contagium
1604 3451 1643 3506 sic
1661 3451 1775 3507 hnmana
1794 3456 1879 3504 natura

1097 3542 1239 3610 contraxit,
1252 3548 1282 3597 ut
1296 3541 1434 3598 serissime
1448 3541 1548 3598 diceret
1565 3551 1694 3612 sanctus,
1708 3541 1742 3597 ln
1751 3535 1880 3612 iniquitati·

1097 3632 1143 3688 bur
1156 3642 1289 3705 conceptue
1301 3649 1358 3688 eum
1372 3632 1382 3705 (
1394 3632 1466 3688 Paul.
1482 3649 1507 3702 ι,
1525 3633 1579 3703 7);
1600 3640 1628 3689 et
1642 3634 1712 3690 alius
1723 3633 1809 3689 itidem
1822 3643 1879 3684 san·

1097 3732 1167 3792 otus,
1179 3721 1241 3790 Qun
1250 3725 1317 3779 enim
1336 3723 1444 3780 urrtndut
1459 3731 1495 3780 ert
1507 3742 1523 3779 a
1536 3725 1630 3780 sorde?
1645 3723 1703 3781 Nec
1719 3724 1803 3796 insana
1814 3723 1879 3790 eujus

1098 3827 1134 3873 est
1147 3817 1222 3872 unius
1235 3817 1341 3872 dicicitur
1351 3833 1427 3888 super
1438 3826 1530 3872 terrum
1539 3817 1599 3890 (doh
1611 3833 1671 3884 xrs,
1688 3818 1717 3886 l,
1732 3833 1781 3872 aec.
1792 3812 1878 3882 Lxx).

1098 3907 1162 3966 llaec
1173 3907 1277 3980 eloquia
1290 3909 1411 3966 ueritatis
1433 3908 1599 3966 subsannant
1610 3909 1757 3966 raniutem
1775 3903 1880 3978 loquaci·
1938 3933 1948 3960 a

1099 4003 1161 4060 tatis
1177 4011 1237 4058 tue.

1133 4094 1201 4160 xer.
1215 4095 1274 4153 lun.
1289 4094 1346 4163 Qua
1356 4109 1418 4167 ergo
1432 4101 1460 4152 tu
1472 4095 1633 4166 impudentia
1644 4105 1673 4152 ct
1683 4095 1812 4169 approbas
1825 4107 1880 4149 sen·

1099 4188 1208 4246 tentiam
1232 4203 1330 4256 meam,
1351 4197 1379 4242 et
1403 4196 1477 4243 tuum
1497 4186 1591 4258 dogma
1613 4202 1667 4244 non
1684 4187 1801 4254 deseris;
1825 4196 1880 4240 eum

1098 4279 1239 4340 sententiar
1262 4279 1493 4349 utriusquepartis
1518 4279 1553 4334 lta
1571 4277 1645 4335 nullo
1659 4279 1764 4351 possint
1786 4275 1881 4332 ledere

1099 4374 1271 4446 copularint
1284 4373 1481 4430 enuntiatorum
1494 4373 1614 4444 opposita
1629 4375 1731 4444 pariter
1741 4386 1792 4429 non
1807 4367 1882 4440 parti·

1098 4463 1481 4538 cipantueritatilQuomodu
1504 4479 1569 4537 ergo
1592 4479 1642 4536 ego
1664 4465 1687 4522 si
1709 4461 1881 4520 consentirem

1098 4557 1220 4614 riaturale
1233 4570 1293 4612 esse
1305 4567 1465 4627 peccatum,
1481 4569 1592 4612 neccsse
1606 4565 1664 4612 erat
1687 4564 1717 4611 ut
1740 4553 1882 4610 deciderem

1099 4649 1133 4708 dc
1145 4651 1206 4723 jure
1218 4649 1375 4718 sententiae,
1390 4663 1450 4720 que
1464 4647 1624 4718 prescribit,
1642 4647 1694 4704 nisi
1711 4647 1737 4702 in
1754 4645 1882 4700 voluntate

1100 4743 1183 4799 libera
1207 4749 1344 4813 peceatum
1365 4755 1426 4798 esse
1447 4755 1500 4796 non
1522 4755 1601 4812 pesse
1616 4759 1623 4796 ι
1638 4741 1674 4797 ita
1693 4750 1722 4798 tu
1743 4756 1759 4796 e
1783 4738 1883 4808 regione

1098 4835 1271 4892 consentiens
1282 4849 1325 4890 mc
1337 4834 1406 4892 bene
1419 4833 1528 4900 dixisse,
1542 4834 1586 4905 qui
1601 4833 1770 4906 pronuntiari
1789 4829 1882 4887 nullum

1100 4942 1160 4984 esse
1172 4928 1230 4984 sine
1243 4927 1379 4983 rmnnure
1390 4934 1539 4997 peccatum,
1553 4926 1666 4997 rejicere
1677 4927 1768 4983 statim
1777 4918 1884 4980 debuisti

1099 5021 1172 5077 illam
1186 5021 1353 5092 opinionem,
1368 5035 1418 5092 qna
1432 5030 1569 5090 peccatum
1581 5019 1701 5076 naturale
1715 5017 1851 5075 credebas.

1135 5116 1202 5172 duc·
1216 5113 1294 5169 Aliud
1307 5120 1350 5169 est
1363 5112 1421 5168 sine
1435 5111 1572 5168 uoluntate
1587 5111 1669 5168 libera
1681 5121 1819 5182 peccatum
1830 5119 1884 5162 esso

1100 5222 1154 5266 non
1165 5223 1255 5280 posse,
1268 5206 1340 5279 quod
1357 5215 1384 5262 et
1402 5220 1450 5262 nos
1465 5205 1595 5274 dicimus,
1612 5204 1673 5277 quia
1695 5217 1748 5265 nec
1763 5196 1885 5271 originale

1099 5317 1159 5360 esse
1173 5302 1303 5374 potuisset
1324 5299 1382 5357 sinc
1396 5299 1483 5370 primi
1497 5298 1614 5354 bominis
1636 5296 1721 5354 libera
1737 5294 1884 5353 uelunmte;

1100 5403 1127 5453 ct
1136 5393 1208 5452 aliud
1222 5403 1273 5464 est,
1289 5392 1422 5466 quomodo
1437 5393 1493 5462 ipse
1502 5389 1603 5460 dixisti,
1616 5390 1666 5446 ariri
1676 5389 1705 5444 in
1717 5388 1845 5443 uoluntate
1856 5380 1884 5435 li·

1100 5491 1158 5546 beru
1170 5497 1298 5562 peccatum
1312 5503 1365 5543 este
1376 5501 1428 5542 non
1445 5501 1527 5558 potae.
1548 5483 1619 5558 quod
1633 5497 1687 5540 nou
1706 5478 1884 5538 concedimus·

256 5566 353 5622 lictum.
366 5565 407 5624 'l'u
427 5567 478 5623 boc
496 5565 643 5638 impudenti
662 5565 755 5624 lraude
777 5567 861 5626 leciati
884 5569 1019 5629 dividuum
1037 5589 1044 5628 ι
1099 5581 1232 5656 originale
1245 5597 1358 5654 pampus
1372 5587 1510 5653 peecatum
1521 5593 1575 5636 non
1593 5585 1634 5638 αι
1646 5574 1819 5635 involuntarie
1835 5579 1884 5640 dtr

286 5743 730 5870 :ffiiiuifflffijm
744 5747 1043 5818 ammoneremus.

288 5866 300 5900 ⁸
313 5867 458 5934 vinicius,
468 5869 642 5935 erudiremur.
653 5878 718 5940 uss..
726 5871 894 5940 mwleuuit.

1130 5815 1140 5848 ¹
1156 5816 1192 5865 sic
1202 5819 1255 5865 tiss.
1268 5811 1335 5876 [unu
1345 5811 1379 5865 ud
1389 5809 1455 5877 Ιιοι.]

1019 5893 1023 5902 ·
1130 5879 1197 5930 'trie
1208 5875 1267 5930 editi
1277 5875 1375 5944 addrmt,
1387 5873 1495 5932 tmen
