4009 6375
272 314 344 377 1080
772 316 959 376 Annonitto
977 314 1011 375 in
1030 316 1118 377 ortis
1136 314 1382 375 {transcendit
1846 312 1914 369 toto

271 422 339 497 plari
347 421 514 489 corbeiensi,
530 423 632 481 nulium
643 424 677 481 tle
695 423 792 482 iuliani
818 429 972 499 episcopatu
990 430 1101 483 verbnm
1117 430 1237 501 reperiri.
1254 428 1299 485 Sic
1311 444 1393 501 porro
1406 429 1487 485 etiam
1508 426 1632 499 Prosperi
1657 426 1789 484 editiones
1813 442 1912 484 receu-

270 516 364 584 tiores,
386 530 435 587 pro
447 516 622 582 Atellanensi,
640 517 859 576 Eclnnensernex
872 520 992 577 melioris
1009 532 1079 575 note
1099 521 1287 591 manuscriptis
1303 521 1486 578 substituunt.
1495 521 1579 591 Quam
1592 520 1698 591 quidem
1715 520 1910 576 correctionem

151 672 153 677 ,
270 606 337 667 nihil
350 614 469 663 moratus
479 606 573 663 Petrus
586 606 742 663 Franciscus
755 608 914 677 Chiiiletius,
929 608 1041 679 primam
1056 610 1180 683 Prosperi
1193 611 1336 668 lectionem
1349 612 1401 668 alia
1412 612 1544 682 potiorem
1555 626 1624 676 esse,
1643 626 1675 667 ac
1688 626 1753 667 rere
1773 610 1910 667 lulianum

270 698 376 767 santra,
392 713 452 769 quse
467 698 493 755 in
507 698 777 771 urbibnsCampaniae
791 700 855 755 olirn
868 700 1062 767 celebrabatur,
1078 708 1107 759 et
1132 703 1240 771 eonius
1253 702 1339 757 ruinis
1366 701 1467 765 Arerse
1489 702 1658 775 postmodum
1684 703 1753 758 inter
1769 700 1906 772 Neapolim

269 791 441 863 Capruamquc
450 791 563 846 excitata
576 799 627 858 est,
638 791 728 847 sedem
741 792 857 847 tenuisse
870 792 954 847 voluit
964 792 973 863 (
982 790 1130 863 empsim,
1144 792 1171 847 irr
1186 791 1297 847 Pcsiino
1309 793 1390 848 illust.
1415 802 1488 865 parte
1498 793 1526 858 2,
1542 810 1601 867 cup.
1615 792 1651 849 19
1662 790 1685 865 ).
1700 792 1734 847 At
1751 801 1909 848 contraver-

270 883 339 940 siatu
351 880 453 938 decidit
467 882 565 937 ilarius
583 882 714 938 Mercator
729 881 826 940 tuliani
839 883 949 954 aequalis
961 892 988 940 et
1001 884 1123 953 armulus,
1136 884 1248 955 ejusque
1261 884 1379 956 gentilis,
1395 883 1459 941 dum
1470 886 1560 941 verbis
1575 885 1712 956 conceptis
1735 885 1822 955 ipsum
1845 885 1913 940 aliss

269 974 423 1047 episcopum
437 972 623 1041 Eclarrensem,
637 974 703 1029 alias
714 974 901 1044 exepiscopum
911 974 1001 1044 oppidi
1019 974 1177 1030 Eelanensis
1188 982 1268 1030 vocat
1291 972 1389 1048 (infre,
1401 975 1521 1048 Appcnd.
1536 987 1609 1050 parte
1620 975 1648 1050 2)
1664 994 1672 1032 a
1687 990 1740 1047 quo
1759 990 1820 1031 cum
1840 976 1912 1032 bler-

269 1074 361 1123 catore
374 1065 482 1121 Petrum
495 1064 649 1134 diaconum,
663 1064 810 1134 Gelasium,
826 1080 857 1122 ac
868 1064 978 1136 Bedarn,
992 1082 1044 1124 una
1055 1074 1155 1123 mutata
1167 1065 1210 1124 rel
1226 1068 1388 1141 transposita
1403 1068 1491 1124 littera
1508 1069 1664 1138 conciliare,
1684 1083 1739 1125 non
1761 1069 1798 1124 ita
1822 1085 1912 1141 magur

269 1159 368 1231 negutii
382 1158 472 1216 luerit.
1904 1217 1909 1225 .

305 1251 400 1310 isthaec
412 1261 500 1308 autem
514 1250 607 1307 civitas
622 1252 755 1323 quondam
768 1252 856 1319 clara,
872 1266 943 1309 nunc
954 1252 1039 1308 ruinis
1053 1253 1109 1309 suis
1125 1253 1246 1323 sepulta,
1261 1252 1376 1324 antiquis
1390 1252 1537 1309 Eculanum
1552 1252 1751 1325 siressliclanum
1773 1252 1845 1312 dicta
1860 1265 1912 1312 est.

269 1345 358 1404 Posita
372 1355 429 1401 erat
441 1346 467 1399 in
483 1344 600 1414 ilirpinis
615 1345 641 1400 in
661 1344 780 1401 ulteriori
794 1346 962 1417 principatu,
979 1361 994 1401 a
1008 1346 1162 1402 berrerento
1181 1344 1335 1416 quindecim
1349 1344 1467 1401 millibus
1478 1344 1598 1414 distans,
1611 1362 1705 1404 versus
1718 1346 1909 1405 liuto-nonum.

269 1434 338 1493 Sunt
348 1436 393 1507 qui
407 1443 500 1505 putent
510 1436 629 1490 camdem
645 1445 735 1505 postca
749 1435 980 1505 Quintudccimurn
995 1437 1167 1507 appellatam,
1180 1452 1286 1493 necnon
1299 1446 1390 1493 nostra
1406 1436 1455 1493 hac
1470 1438 1597 1494 memoria
1611 1439 1670 1510 ejus
1682 1440 1779 1495 rudera
1790 1441 1912 1511 quaedam

268 1541 302 1584 ac
314 1528 460 1600 parietinas
473 1542 554 1597 prope
567 1526 729 1583 Mirabellam
740 1526 868 1600 conspici.
881 1526 1046 1598 Episcopaiis
1059 1528 1137 1584 sedes
1148 1526 1248 1583 liciano
1260 1526 1451 1599 Pretquenmm,
1466 1528 1555 1585 italice
1567 1526 1701 1601 Frigento,
1715 1545 1764 1586 sen
1777 1528 1912 1599 tiriccrttc,

269 1621 397 1677 translata
411 1621 468 1676 luit.
484 1619 664 1691 Frequentum
679 1636 743 1677 vero
757 1622 834 1676 nouis
853 1621 932 1675 maiis'
944 1621 1006 1675 anni
1026 1635 1107 1691 supra
1121 1620 1292 1676 millesimum
1313 1620 1567 1692 quadringentesimi
1582 1620 1743 1692 sexagesimi
1764 1622 1849 1693 quinti
1863 1632 1910 1678 aut

269 1714 339 1771 sexti
352 1712 516 1769 Abellinensi
529 1712 694 1783 episcopatui
708 1712 878 1783 conjunctum
893 1723 943 1768 est.
960 1712 1107 1783 Regionem
1122 1712 1191 1767 banc
1204 1711 1311 1768 tradunt
1324 1712 1458 1783 quondam
1471 1712 1574 1783 Apulia
1587 1712 1715 1769 limitibus
1728 1713 1910 1785 comprehen-

268 1819 327 1861 sam
339 1804 432 1874 luisse,
441 1813 540 1861 atvero
552 1804 704 1876 Campaniae
717 1805 862 1862 accessisse
869 1805 925 1877 jam
937 1804 998 1861 inde
1011 1807 1045 1859 ab
1055 1804 1164 1860 Adriani
1174 1804 1338 1876 temporibus
1347 1803 1454 1877 (Neris,
1467 1804 1590 1861 Historiae
1605 1804 1695 1878 Pelcp.
1704 1807 1914 1881 111.1,οορ.18).

305 1899 464 1956 Parentibus
475 1898 623 1955 demortuis
635 1897 717 1971 (quod
731 1913 847 1969 quonam
859 1913 930 1954 anno
942 1897 1097 1968 eontigerit,
1113 1898 1233 1953 invenire
1246 1898 1368 1969 nuspiam
1382 1896 1452 1969 init),
1467 1897 1588 1953 Julianus
1600 1897 1712 1955 duarum
1725 1914 1849 1956 sororum
1864 1916 1913 1959 ott·

269 2004 327 2049 ram
338 2006 399 2048 cum
413 1990 592 2061 suscepisset,
607 2006 640 2046 eo
653 2000 765 2046 nrunere
775 2004 826 2046 nec
839 1989 888 2046 sibi
900 2006 950 2047 uec
964 1991 1016 2046 illis
1032 1990 1177 2047 honorilice
1192 1990 1346 2061 perfunctus
1357 1999 1410 2047 est.
1426 2009 1436 2046 s
1449 1990 1593 2059 Novimus,
1607 1994 1748 2061 novimus,
1762 2013 1772 2048 r
1788 1993 1827 2049 atit
1840 1994 1913 2051 ller-

268 2092 362 2151 cator,
381 2100 391 2136 a
407 2082 470 2154 quid
485 2080 533 2138 tibi
548 2096 599 2138 una
611 2096 719 2147 etrum,
733 2097 793 2138 curn
805 2089 833 2137 tu
845 2081 924 2136 nimis
939 2096 1049 2137 severus
1063 2080 1091 2137 in
1102 2081 1160 2151 ejus
1173 2081 1279 2137 ruinam
1293 2080 1403 2151 pudoris
1415 2082 1586 2153 insurgeres,
1600 2082 1739 2154 objecerit,
1754 2082 1797 2141 rel
1811 2100 1912 2155 expro-

268 2175 405 2243 brarerit;
419 2183 499 2246 atque
513 2182 541 2230 tu
556 2182 645 2230 mutus
660 2173 730 2229 illico
743 2190 797 2229 non
806 2189 886 2229 ausus
898 2188 928 2228 es
944 2172 1055 2227 ulterius
1069 2187 1189 2228 censurae
1202 2182 1254 2227 ture
1268 2172 1335 2229 ullas
1347 2171 1432 2229 dolori
1446 2172 1505 2242 ejus
1518 2170 1619 2230 inferre
1631 2173 1766 2229 molestias
1782 2193 1792 2228 r
1812 2172 1913 2248 (Infra,

269 2264 388 2341 Append.
412 2274 485 2339 purte
505 2264 566 2339 1)..
580 2264 682 2337 llempe
708 2262 769 2322 iidei
794 2263 994 2336 corruptionem
1022 2263 1149 2319 continuo
1175 2277 1300 2331 morum,
1324 2270 1353 2319 ut
1383 2262 1468 2330 solet,
1491 2263 1520 2320 in
1537 2261 1644 2320 tuliano
1662 2274 1754 2321 secuta
1778 2270 1916 2337 corruptio

269 2366 321 2415 est.

304 2450 364 2519 Quo
374 2447 420 2504 ille
432 2456 553 2519 tempore
565 2448 637 2503 uirus
650 2446 798 2517 Pelagianae
810 2444 945 2501 hereseos
958 2459 1056 2517 sugere
1067 2446 1189 2515 ceperit,
1202 2444 1311 2500 minime
1316 2453 1495 2517 compertum.
1507 2444 1579 2504 Beda
1590 2446 1699 2503 doctum
1711 2462 1798 2505 euma
1809 2448 1917 2522 Pelagio

272 2558 285 2596 r
302 2540 441 2614 puerulum
455 2558 465 2593 r
479 2540 577 2607 adhuc,
590 2548 619 2595 et
629 2540 663 2595 ab
676 2540 734 2610 ipso
749 2555 759 2593 s
775 2537 850 2610 quasi
863 2538 889 2593 in
904 2551 1017 2593 caverna
1032 2536 1134 2593 colubri
1149 2536 1280 2608 regulum,
1295 2556 1305 2589 r
1320 2551 1380 2592 curn
1394 2553 1464 2592 annu
1475 2536 1574 2593 Christi
1589 2538 1852 2611 quadringentesimo
1869 2541 1917 2597 de·

270 2635 343 2691 cimo
364 2630 588 2704 quintodialogos
610 2644 673 2688 suos
695 2628 825 2685 adversus
839 2626 997 2699 Pelagianos
1010 2628 1188 2699 llieronpmus
1203 2627 1315 2693 cdcbat,
1339 2628 1467 2683 nutritum
1488 2644 1554 2707 esse
1568 2628 1660 2686 scribit
1672 2628 1777 2704 (llic).
1793 2628 1916 2688 Sedhuec

272 2726 353 2784 ltedce
366 2724 446 2783 rerba
463 2725 486 2780 si
500 2738 592 2795 presse
605 2732 686 2795 atque
699 2722 732 2777 ad
748 2722 838 2792 apices
852 2720 1025 2791 exposueris,
1041 2720 1119 2790 plane
1133 2718 1200 2776 laisa
1212 2720 1331 2789 reperies
1347 2737 1355 2774 r
1377 2719 1508 2791 siquidem
1524 2719 1608 2775 multo
1627 2730 1689 2777 ante
1704 2736 1803 2777 suumn
1818 2722 1918 2777 Christi

270 2817 559 2891 quadringentesimum
572 2813 833 2886 decimumquiutum
841 2809 962 2867 lulianus
972 2809 1095 2882 pueritie
1105 2825 1190 2867 anuos
1202 2819 1372 2876 excesseram
1384 2825 1472 2882 usquc
1482 2811 1628 2871 verisimile
1636 2820 1679 2869 est
1700 2828 1774 2877 eum,
1784 2813 1835 2868 nisi
1850 2812 1918 2869 torte

270 2914 341 2973 idem
351 2917 408 2985 ipse
417 2916 451 2971 sit
461 2914 505 2986 qui
516 2912 652 2969 Annianus
661 2910 890 2982 pseudodiaconus
898 2905 1053 2964 celedensis
1061 2907 1095 2962 ab
1103 2906 1265 2977 llierunymo
1275 2914 1393 2971 vocatur,
1406 2916 1469 2961 tuuc
1477 2908 1604 2977 temporis
1614 2908 1639 2962 in
1649 2906 1800 2974 Palestina,
1810 2908 1855 2963 ubi
1867 2908 1918 2963 Pe·

269 3006 354 3079 lngius
364 3006 414 3062 hoc
422 3020 492 3061 anno
502 3004 623 3073 degebat,
635 3002 777 3058 exstitisse.
786 2998 912 3070 Atputuit
920 3007 1011 3054 mutua
1020 2998 1108 3068 aliqua
1119 2997 1189 3051 inter
1197 3012 1244 3051 eos
1252 2997 1367 3068 cognitio
1375 2994 1467 3051 homae
1476 2998 1548 3053 nasci
1559 3008 1621 3053 ante
1630 3014 1729 3053 atinum
1737 2999 1918 3071 quadringen-

272 3098 395 3154 tesimum
403 3105 537 3163 octavum,
546 3104 592 3149 aut
601 3091 889 3166 quadringentesimum
898 3088 1041 3154 decimum,
1051 3102 1105 3158 quo
1114 3100 1185 3141 anno
1195 3087 1276 3142 exivit
1285 3102 1318 3143 er
1325 3086 1398 3144 Urbe
1406 3088 1537 3159 Pelagius.
1549 3090 1636 3159 Atque
1646 3089 1715 3144 idem
1728 3091 1785 3161 ipse
1796 3090 1917 3146 lulianus

270 3186 339 3247 iorte
349 3184 749 3244 uoninrmeritocensebiturer
760 3181 811 3240 illis
823 3180 914 3249 luisse,
924 3180 1064 3251 dequibus
1074 3177 1517 3251 annoChristiquadringentesimo
1528 3180 1766 3254 decimoseptimo,
1779 3184 1870 3239 statim
1883 3184 1916 3241 ab

269 3280 415 3338 innocentii
423 3295 499 3353 papae
507 3278 590 3344 obitu,
601 3276 764 3348 Augustinus
774 3272 807 3329 ad
817 3272 956 3330 Paulinum
967 3271 1091 3340 scripsit;
1102 3269 1329 3342 quiquedicebant
1337 3272 1415 3326 eitius
1425 3287 1454 3327 se
1463 3272 1613 3328 deiecturus
1622 3289 1638 3327 a
1647 3273 1763 3346 Pelagio,
1772 3291 1853 3345 quam
1865 3276 1918 3329 ori-

269 3374 357 3447 ginale
369 3379 504 3445 peccatum
514 3370 665 3444 agnituros:
679 3381 829 3439 quanquam
839 3381 872 3422 ex
882 3361 988 3421 civitate
997 3362 1105 3419 liciensi
1114 3361 1231 3416 essehos
1241 3361 1389 3432 Augustino
1399 3363 1547 3419 nuntiatum
1557 3373 1628 3420 esset
1639 3361 1735 3438 (Epist.
1747 3365 1809 3431 186,
1819 3383 1846 3419 n.
1859 3364 1916 3440 29).

271 3466 340 3523 Dicit
352 3466 404 3522 alio
416 3464 475 3522 ioco
486 3472 594 3519 sanctus
607 3462 704 3517 Ductor
716 3457 861 3523 lulianum,
876 3455 898 3512 si
910 3457 1039 3511 Romanae
1051 3453 1181 3510 Ecclesie
1195 3452 1381 3524 praesidentem
1391 3453 1497 3510 beatum
1510 3454 1694 3512 innocentium
1706 3455 1799 3512 audire
1812 3458 1915 3515 voluis·

271 3568 328 3629 set,
337 3558 394 3632 lam
408 3567 470 3614 tuuc
484 3554 660 3628 periculosam
674 3551 837 3626 iuventutem
851 3563 926 3606 snam
946 3546 1095 3618 Pelagianis
1109 3546 1212 3616 laqueis
1226 3544 1412 3616 expediturum
1427 3543 1511 3602 luisse
1524 3545 1640 3618 (Supra,
1656 3557 1746 3602 conos
1758 3545 1916 3616 aaroni,

271 3650 317 3709 to.
331 3652 360 3720 1,
372 3667 399 3706 rr.
414 3647 470 3722 ts).
483 3647 562 3714 Eum,
576 3641 664 3718 quoad
674 3650 838 3699 memoratus
847 3638 966 3712 pumiles
978 3637 1055 3706 vixit,
1066 3636 1225 3693 catholicam
1235 3637 1395 3692 sententiam
1406 3635 1549 3692 retinuisse
1562 3645 1675 3694 testatur
1688 3637 1839 3694 llercstor:
1858 3657 1917 3711 quae

269 3761 315 3804 res
325 3759 360 3804 oo
371 3741 513 3802 commode
526 3747 613 3813 potest
624 3736 738 3806 reterri,
756 3734 827 3808 quod
840 3733 911 3790 idern
929 3739 1023 3790 auctor
1036 3729 1131 3786 codem
1145 3730 1205 3786 loco
1226 3729 1307 3794 dicit,
1322 3727 1456 3786 lulianum
1469 3745 1484 3783 a
1497 3728 1687 3786 commuuione
1703 3729 1867 3799 innocentii,
1883 3748 1917 3789 ne

270 3835 403 3894 damnatis
413 3832 520 3904 quidem
535 3829 644 3902 Pelagio
657 3837 686 3886 et
699 3825 827 3884 Goelestio
840 3825 999 3890 recessisse,
1013 3821 1061 3877 sed
1075 3821 1126 3892 ipsi
1140 3835 1234 3876 eorum
1249 3820 1398 3876 damnatori
1413 3836 1497 3891 usque
1513 3820 1547 3876 ad
1559 3821 1619 3892 ejus
1631 3831 1745 3878 mortem
1761 3825 1915 3880 communi·

270 3941 347 3984 came
362 3923 464 3998 (intra,
480 3921 597 3994 Appeno.
613 3927 685 3992 parte
697 3918 739 3989 2).
750 3914 804 3976 ser
816 3931 878 3972 euru
892 3923 980 3970 tamcu
993 3913 1138 3983 superstite
1150 3910 1238 3967 adhuc
1250 3909 1407 3969 innocentio
1419 3911 1544 3968 haeresim
1559 3913 1712 3984 amplerum
1725 3929 1796 3983 esse,
1813 3915 1916 3986 liquido

270 4019 389 4078 declarat
401 4013 564 4085 Augustinus
582 4011 635 4066 illis
650 4009 715 4081 ipsis
729 4007 836 4064 verbis:
858 4025 869 4060 t
888 4005 1023 4061 damtune
1037 4001 1215 4074 periculosam
1226 4001 1393 4073 juventutem
1409 4012 1480 4056 tuarm
1493 4000 1644 4073 Pelagianis
1657 4003 1762 4075 laqueis
1768 4005 1891 4064 exuisses
1903 4027 1914 4063 r

272 4112 282 4186 (
297 4111 400 4182 Sspru,
416 4117 504 4162 contra
515 4103 667 4169 immuunt,
684 4100 728 4156 lii.
742 4101 769 4167 l,
783 4116 810 4154 n.
824 4096 892 4168 15).
911 4096 1024 4151 Narrant
1037 4095 1121 4164 ipsius
1133 4094 1274 4165 quemdam
1289 4093 1512 4165 paralogismum,
1527 4109 1581 4166 quo
1594 4095 1686 4150 Romae
1697 4111 1760 4152 cum
1773 4100 1917 4170 precipuis

270 4201 394 4262 iectionis
408 4197 520 4256 ducibus
532 4210 623 4266 agens,
638 4209 654 4250 a
666 4191 817 4248 rudioribus
829 4189 974 4244 certabatur
987 4196 1157 4257 extorquere,
1174 4193 1204 4240 ut
1216 4184 1327 4258 originis
1340 4183 1446 4258 culpam
1461 4201 1566 4242 merum
1578 4195 1759 4244 commentum
1772 4203 1832 4243 esse
1845 4189 1915 4246 late·

270 4302 364 4354 rentur
378 4289 481 4365 lintre,
501 4287 618 4360 Append.
641 4295 711 4356 parte
723 4283 770 4356 1);
792 4280 873 4353 quod,
892 4278 1005 4334 loannis
1023 4275 1146 4334 Garnerii
1164 4275 1284 4346 iudicio,
1304 4277 1333 4332 in
1349 4291 1450 4332 annum
1469 4276 1761 4348 qnsdrirgenteeiurum
1779 4279 1915 4337 decimum

271 4387 414 4460 septimum
434 4381 565 4453 quadrare
577 4384 666 4452 potest
684 4375 851 4450 (Geranios,
865 4373 893 4427 in
914 4369 1021 4426 iterem
1042 4369 1193 4434 disserti,
1208 4385 1266 4440 cop.
1282 4368 1315 4437 d,
1330 4368 1362 4423 de
1379 4366 1510 4440 Jslicno).
1531 4369 1558 4424 Si
1576 4368 1743 4426 definitiones
1756 4371 1831 4432 ilias.
1847 4387 1916 4442 quas

270 4480 340 4538 libro
353 4479 388 4536 de
400 4473 567 4532 Perlectione
579 4470 689 4541 justitie
703 4465 820 4522 huminis
831 4463 927 4520 relellit
941 4461 1113 4532 Augustinus,
1131 4458 1218 4516 eidem
1231 4475 1292 4527 nos,
1308 4459 1345 4517 uti
1358 4459 1503 4516 Garnerius
1514 4469 1624 4526 censet,
1640 4460 1758 4516 tribuere
1772 4471 1914 4532 oporteat;

271 4573 382 4630 dubium
396 4585 448 4624 non
462 4567 513 4623 erit
526 4564 589 4636 quin
600 4561 655 4634 jana
669 4560 731 4616 inde
744 4560 778 4614 ab
790 4573 860 4612 anno
875 4549 1254 4627 quadrirrgeutssimo‘decimo
1266 4552 1360 4622 quinto
1373 4553 1507 4622 perlectus
1526 4550 1607 4608 luerit
1620 4552 1787 4623 Pelagianns.
1804 4553 1874 4609 lllud
1888 4557 1914 4610 in

271 4663 395 4722 confesso
407 4668 462 4727 est,
477 4655 609 4714 damnatis
628 4671 643 4708 a
657 4651 764 4707 zosimo
778 4664 844 4719 papa
858 4662 929 4702 anuo
947 4644 1208 4718 quadringentesimo
1221 4642 1327 4700 decimo
1347 4651 1443 4698 octavo
1456 4641 1605 4712 Pelagianis
1618 4683 1626 4710 ,
1640 4641 1765 4702 eumden
1776 4643 1914 4700 lulianum

271 4753 439 4814 subscribere
453 4746 613 4820 puntitciam
627 4743 786 4799 sententiam
801 4739 933 4803 noluisse,
949 4745 1030 4807 atque
1045 4736 1153 4791 obeam
1165 4749 1223 4790 rem
1240 4734 1275 4790 ab
1288 4733 1335 4790 illo
1348 4733 1476 4805 dignitate
1488 4732 1632 4802 spoliatum
1644 4731 1739 4802 inisse,
1750 4743 1779 4790 et
1789 4751 1822 4790 cx
1838 4733 1914 4792 italis

272 4847 386 4920 ejectum
401 4840 506 4915 (infre,
520 4835 637 4908 Append.
652 4845 722 4906 purte
734 4832 773 4905 1).
789 4832 854 4887 lluic
867 4829 916 4902 ipsi
931 4828 1050 4914 pontifici
1066 4827 1140 4882 binas
1151 4840 1232 4896 super
1242 4824 1434 4897 questionibus
1448 4823 1482 4880 do
1492 4825 1578 4895 gratia
1591 4823 1718 4893 episima
1731 4824 1838 4882 dedisse
1849 4841 1913 4884 enm

273 4939 419 5011 reperimus
432 4931 536 5010 (inire,
554 4927 646 5000 Operis
659 4925 761 4997 hupert.
775 4923 820 4979 lib.
837 4925 863 4990 1,
879 4939 936 4994 cap.
952 4919 1009 4993 18).
1931 4913 1934 4920 ’

308 5035 485 5104 Hieronymus
504 5029 653 5102 llignierius
673 5027 766 5098 primis
778 5021 942 5094 temporibus
960 5019 1095 5076 hereseos
1113 5015 1210 5075 iuliani
1224 5016 1341 5086 assignet
1360 5014 1388 5070 id
1403 5012 1568 5086 quodhabet
1582 5013 1754 5096 dennsdins,
1767 5015 1842 5072 illum
1864 5031 1914 5088 per

271 5129 370 5188 tamam
382 5135 461 5200 atque
473 5134 618 5198 egestatem
632 5123 763 5194 publicam
783 5118 942 5192 pauperibus
956 5115 1108 5186 dilargitum
1123 5127 1183 5170 esse
1197 5126 1260 5168 suas
1269 5111 1426 5176 lacultates,
1439 5120 1467 5167 et
1480 5111 1562 5168 haece
1574 5110 1713 5170 charitatis
1728 5113 1819 5184 specie
1829 5127 1911 5185 quera

271 5223 402 5293 plurimos
414 5219 446 5275 ad
461 5233 535 5274 suam
551 5215 692 5282 haeresim,
711 5212 825 5268 maxime
839 5223 982 5280 exgenere
995 5221 1087 5262 eorum
1106 5205 1153 5276 qui
1169 5203 1260 5274 pietati
1275 5201 1435 5258 addictiores
1449 5202 1622 5269 ridebantur,
1638 5203 1794 5274 adiunxisse
1804 5203 1911 5276 (laps,

271 5311 389 5386 Append.
405 5308 525 5382 pcrteA).
538 5307 594 5376 Qua
610 5305 644 5362 de
659 5319 689 5360 re
710 5303 736 5359 id
754 5302 831 5359 nobis
852 5315 932 5358 unum
947 5299 1090 5354 observare
1109 5296 1190 5362 licet,
1205 5294 1233 5349 in
1254 5302 1389 5366 posueram
1401 5309 1450 5351 suo
1462 5309 1545 5364 opere
1558 5295 1693 5352 aidrmare
1712 5295 1910 5366 Augustinurn,

181 5415 186 5426 ·
271 5405 346 5461 illum
361 5421 375 5458 a
391 5401 496 5459 miseris
510 5416 576 5470 quos
589 5399 741 5467 deceperat,
756 5394 870 5448 otiosum
885 5392 918 5446 ali
933 5389 1038 5461 (infra,
1056 5387 1147 5460 Operis
1158 5387 1259 5457 irnpcrs.
1275 5385 1318 5441 lt'b.
1333 5385 1362 5452 2,
1375 5401 1435 5457 esp.
1447 5385 1515 5456 ti);
1531 5400 1581 5442 nec
1594 5401 1674 5456 posse
1687 5388 1775 5457 ipsum
1790 5386 1911 5443 scriben·

271 5493 312 5552 dis
325 5508 356 5549 ac
366 5491 495 5550 dictandis
507 5489 583 5547 libris
595 5503 699 5551 vacare,
707 5487 729 5542 si
743 5484 828 5540 nolint
839 5482 962 5537 homines
975 5481 999 5536 ei
1012 5480 1112 5536 rictum
1123 5477 1328 5533 subministrare
1339 5482 1515 5548 sumptamque
1526 5488 1704 5548 congruentes
1717 5477 1811 5549 (isid,
1823 5477 1868 5532 tto.
1879 5477 1910 5546 b,

271 5601 347 5659 sopp.
362 5585 389 5653 1,
403 5585 469 5658 tel:
484 5581 557 5655 quod
568 5579 675 5653 quidem
688 5593 749 5634 eum
763 5587 826 5631 tunc
839 5574 910 5630 nullo
923 5582 1053 5646 prnrentu
1066 5585 1115 5626 suo
1129 5570 1172 5625 rel
1183 5569 1313 5626 iructibus
1326 5567 1433 5636 risisse,
1448 5567 1514 5626 satis
1523 5569 1645 5641 designat
1655 5587 1663 5637 ;
1675 5584 1731 5627 non
1744 5581 1834 5628 tamen
1845 5567 1910 5626 indo

270 5679 410 5750 quisquam
422 5676 546 5748 colligat,
561 5671 709 5744 Augustino
723 5667 889 5739 exploratum
906 5665 998 5732 luisse,
1014 5665 1090 5719 illum
1102 5661 1264 5732 impendisse
1275 5661 1375 5728 omnia,
1389 5675 1443 5733 quo
1456 5659 1594 5730 penuriam
1608 5660 1725 5718 alienam
1737 5662 1848 5718 levaret.

306 5774 401 5838 Anno,
415 5779 444 5828 ut
455 5768 562 5842 quidem
581 5765 698 5830 ridetur,
714 5757 974 5834 quadringentesimo
994 5755 1199 5822 decimonono,
1214 5754 1238 5810 is
1258 5767 1383 5810 unacum
1403 5753 1464 5808 aliis
1484 5752 1603 5823 ejusdem
1625 5762 1706 5810 secte
1721 5751 1856 5824 episcopis
1875 5747 1911 5806 sd

268 5862 369 5958 Pitdpm
385 5860 649 5923 Tiressaloniccnsom
665 5855 808 5934 aritiensem
823 5852 946 5921 scripsit;
963 5863 1066 5906 necnon
1080 5847 1193 5912 hamam
1207 5845 1240 5903 ad
1254 5845 1364 5912 amicos,
1379 5853 1408 5900 ut
1420 5843 1448 5900 iu
1462 5858 1554 5903 errore
1564 5843 1626 5902 illos
1638 5844 1820 5910 mutrmaret,
1834 5842 1914 5900 litte·
