4009 6375
276 495 336 543 erat
354 479 440 559 majus
453 455 563 544 insanire
565 502 639 561 ,qua
653 466 803 558 tenebatur,
816 487 975 560 quicumque
988 485 1068 543 deno

277 581 376 640 tionem
390 579 418 638 iu
431 565 559 640 cavendis
578 583 658 642 rebus
672 582 836 641 naturalibus
848 580 980 655 exigebat.
999 577 1071 652 ιρο·

276 674 362 732 stolus
373 684 461 732 numm
474 674 541 732 nihil
551 677 638 734 sanxit
650 675 721 749 quod
734 677 817 748 possit
825 675 886 747 jure
898 671 1068 746 reprehendi.

275 761 418 824 Peccatum
440 768 530 841 itaquo
549 769 694 826 uoluntatis
715 767 841 837 ostendit,
862 766 933 840 quod
954 766 1070 822 inculcat

276 855 374 916 debere
387 859 477 916 uitari.

310 951 378 1009 huc.
399 951 464 1020 Quis
482 953 587 1024 ignorat
600 968 652 1009 non
676 952 750 1025 loqui
767 952 924 1024 Apostolum
939 949 1066 1024 parvulis,

254 1041 256 1043 ’
274 1040 322 1098 sed
335 1042 375 1098 eis
388 1045 431 1114 qui
447 1054 559 1115 possunt
577 1045 726 1117 intelligere
744 1045 824 1103 rerba
838 1045 962 1114 dicentis,
979 1054 1008 1102 et
1021 1045 1068 1100 ad·

273 1133 382 1205 iurante
403 1135 450 1192 bei
474 1138 558 1209 gratia
584 1138 694 1195 obedire
716 1137 875 1211 praeceptis?
899 1136 953 1195 Sed
977 1137 1067 1210 utique

272 1236 354 1300 agunt
365 1229 445 1286 etiam
463 1218 524 1286 rum
538 1230 600 1286 iliis
615 1230 680 1301 suis,
694 1241 723 1288 ut
735 1228 958 1304 quemadmodum
971 1231 1068 1288 crescit

272 1317 299 1376 in
309 1319 349 1376 eis
362 1321 474 1378 rationis
485 1337 559 1389 usus,
573 1318 610 1378 ita
622 1333 763 1380 exseratur
775 1323 934 1380 obedientiae
947 1321 1063 1389 fructus:

271 1427 306 1469 nc
319 1411 346 1468 in
362 1428 473 1469 vacuum
483 1417 596 1486 gratiam
610 1415 655 1472 liei
667 1418 832 1487 susceperint
848 1415 887 1488 (ll
900 1413 959 1471 Cor.
973 1431 1012 1484 ιι,
1027 1412 1064 1488 ι),

271 1507 377 1579 ιριιιοιιο
396 1510 546 1580 regenerati
566 1518 638 1577 sunt,
655 1509 814 1566 nescientes.
830 1510 1019 1566 Verumtamen
1034 1507 1066 1566 il-

270 1601 325 1659 lam
350 1603 488 1676 pulchram
513 1613 664 1675 susceptam
690 1614 773 1672 tuam,
792 1621 852 1676 queo
874 1603 1003 1660 dclormis
1024 1613 1066 1659 est

271 1696 398 1753 omnibus
410 1697 618 1754 debellatoribus
639 1697 705 1764 suis,
718 1697 961 1769 concupiscentiam
976 1697 1065 1753 carnis

270 1787 340 1858 dieo,
356 1804 405 1859 per
419 1805 500 1862 quam
513 1791 642 1856 nascitur,
656 1799 757 1847 etcum
772 1806 823 1862 qua
839 1790 957 1846 nascitur
967 1790 1063 1845 bomo:

269 1879 339 1936 banc
352 1867 416 1954 ergo
426 1882 668 1955 concupiscentiam
680 1883 779 1949 earnis,
788 1878 908 1938 cohiberi
919 1880 1064 1952 Apostolus

267 1977 461 2050 praeeipitnee
475 1991 588 2048 regnare
606 1976 746 2047 permittit,
767 1991 880 2046 eamque
899 1975 1000 2046 peceati
1016 1989 1064 2028 ιιο-

255 2044 341 2124 ⁸mino
362 2053 495 2140 appellat3
512 2068 575 2141 qnia
596 2078 623 2126 ct
644 2069 677 2125 de
699 2069 787 2140 primo
808 2077 920 2140 peceato
935 2064 1063 2139 originem

264 2140 350 2228 ducit,
367 2168 395 2216 ct
414 2161 534 2234 quisquis
547 2160 606 2233 ejus
626 2161 743 2217 motibus
761 2160 795 2216 nd
811 2159 902 2215 illicita
920 2173 1065 2215 consense-

269 2250 314 2317 rit,
327 2258 422 2325 pcceat
436 2269 442 2306 :
457 2267 517 2324 quse
528 2260 593 2310 tune
606 2254 678 2308 nulla
690 2253 742 2308 erit
755 2252 783 2308 in
794 2251 882 2320 nobiS,
894 2251 1021 2323 quando'
1015 2267 1064 2308 ιιιι-

267 2345 381 2402 mortale
393 2356 492 2414 eorpus
512 2338 671 2401 babebimus
685 2361 695 2400 .·
709 2344 823 2416 ideoque
841 2361 901 2400 cum
914 2355 1006 2419 posset
1021 2345 1063 2401 di-

267 2448 339 2499 core,
354 2433 417 2489 Non
430 2445 516 2506 regnet
534 2445 664 2506 peccatam
680 2437 708 2492 in
719 2446 800 2492 oestro
822 2453 938 2509 corpore,
957 2453 1004 2493 cur
1016 2437 1064 2493 ad·

266 2524 334 2580 didit
350 2525 472 2594 terbum,
488 2536 516 2583 ct
527 2529 574 2595 ait,
588 2528 616 2583 in
634 2540 716 2584 oestro
729 2529 831 2584 mortali
841 2546 957 2601 corpore,
970 2529 1021 2586 nisi
1035 2541 1095 2586 ut

268 2626 333 2674 tunc
344 2633 516 2690 speraremus
535 2621 626 2690 islam,
640 2637 719 2694 quam
737 2631 874 2692 peccatum
895 2632 983 2690 vocat,
996 2636 1063 2678 con·

268 2709 459 2782 cupiscootiam
482 2727 534 2767 non
554 2710 682 2780 futuram,
696 2713 803 2785 qnando
817 2714 930 2769 mortale
949 2729 1002 2769 non
1017 2713 1065 2768 lta-

265 2801 391 2860 bcbimus
403 2805 520 2875 eorpnsi
533 2804 599 2860 Nam
614 2814 641 2860 tu
654 2806 698 2862 dic
712 2805 798 2872 nobis,
812 2820 861 2860 cnr
871 2820 925 2862 non
939 2806 986 2873 ait,
1002 2803 1029 2860 N
1031 2823 1064 2860 on

264 2894 302 2952 sit
324 2906 455 2967 ροιιιιιιιοι
472 2898 500 2953 in
513 2906 594 2954 omtro
606 2898 708 2952 niortoh'
728 2914 849 2971 corpore;
871 2897 918 2953 sed
933 2899 979 2965 ait,
1001 2893 1064 2953 Non

264 2998 376 3062 regnet:
394 2990 445 3046 nisi
454 2991 514 3061 quia
530 2991 581 3046 ista
593 2992 819 3062 concupiscentis,
833 3007 892 3064 quae
909 3007 962 3047 non
975 3002 1063 3062 potest

263 3081 318 3137 nisi
330 3096 391 3138 esse
402 3083 429 3138 in
446 3096 528 3140 carne
547 3084 664 3150 mortali,
679 3085 706 3139 in
724 3083 763 3139 eis
777 3087 880 3155 regirat,
895 3086 940 3156 qni
954 3085 1062 3144 deside·

263 3171 313 3230 riis
331 3172 438 3245 eiusad
453 3175 525 3231 mala
546 3175 724 3249 perpetranda
737 3177 924 3245 coruscabunt,
946 3185 975 3234 et
986 3177 1021 3235 ab
1031 3194 1061 3234 ea
1080 3209 1085 3219 ·

264 3283 434 3341 quocumque
453 3270 578 3339 illexerit,
591 3272 654 3327 victi
677 3272 869 3343 pertrahuntur
889 3272 990 3345 majore
1008 3267 1060 3329 int·

264 3367 339 3431 pctn,
352 3362 429 3431 qula¹
449 3360 508 3433 lege
521 3362 707 3433 probibentur,
720 3362 743 3418 si
757 3362 842 3434 gratia
854 3378 908 3419 non
920 3362 1060 3435 juvantur:

264 3454 294 3508 in
314 3453 354 3509 cis
368 3463 469 3523 autem,
482 3455 527 3525 qui
549 3455 606 3511 lieo
618 3456 736 3513 donante
754 3457 854 3512 iaciunt
867 3458 938 3528 quod
959 3475 1062 3529 praece·

263 3553 340 3614 ptum
359 3554 411 3615 ost,
426 3546 453 3603 id
467 3555 518 3613 est,
532 3559 675 3606 commotae
693 3557 773 3621 atque
794 3550 901 3607 instanti
921 3567 976 3608 non
996 3552 1062 3609 obe-

263 3639 354 3708 diunt,
371 3656 423 3697 nec
434 3642 460 3698 ei
474 3658 549 3698 arma
569 3642 697 3700 exhibent
710 3644 841 3711 membra,
858 3645 927 3702 inest
941 3644 1060 3717 quidem,

262 3731 314 3802 ued
327 3748 380 3787 non
395 3739 498 3806 regnat.
511 3732 647 3791 Probatur
657 3744 748 3791 autem
760 3736 876 3805 inesset,
888 3737 951 3793 dum
963 3754 1062 3795 concu-

263 3823 404 3893 piscuntur
426 3825 496 3881 mala
510 3844 519 3882 ι
533 3836 561 3881 ct
582 3826 709 3897 probatur
728 3842 781 3883 non
795 3843 918 3900 regnare,
933 3829 996 3887 dum
1016 3830 1061 3901 ju·

263 3914 345 3973 stitiae
355 3915 532 3973 delectatione
545 3920 667 3975 tittcente
680 3935 733 3975 non
747 3920 823 3976 hunt.
837 3922 977 3990 Quomodo
988 3924 1061 3980 enim

261 4006 432 4080 precipimur
443 4009 467 4065 ei
480 4026 535 4065 nnn
543 4011 662 4081 obedire,
673 4012 846 4083 nisijaima,
855 4019 912 4070 siue
921 4015 1061 4073 suadenti?

263 4095 404 4165 Quomodo
416 4109 505 4157 autem
519 4100 607 4159 iacere
621 4103 674 4160 boc
687 4113 786 4174 potest,
801 4106 825 4162 sl
836 4121 889 4162 non
904 4108 998 4164 inest?

296 4187 450 4245 ccxxtti.
478 4191 539 4249 ιιιι.
567 4192 658 4264 Neque
679 4194 817 4253 alileam
841 4198 953 4253 otembra
978 4210 1060 4255 restra

261 4279 484 4351 mminiquitotit
497 4294 598 4355 pacato
609 4301 619 4339 .·
632 4286 677 4341 teci
687 4288 801 4343 caltibme
812 4305 856 4345 oot
866 4288 930 4359 Deo,
939 4302 1060 4363 tonqnarn

261 4385 294 4442 eo
310 4373 418 4428 inarmis
441 4375 557 4444 ιιιιιιιιι,
579 4385 604 4433 et
622 4381 734 4434 membra
759 4390 843 4436 ιιιιιιι
862 4398 934 4437 mata
952 4385 1061 4457 justitiae

259 4461 327 4519 Deo.
359 4462 497 4522 Peccatum
521 4468 588 4523 enim
613 4470 640 4523 in
661 4469 730 4525 uobis
753 4488 805 4527 non
824 4472 971 4547 dominatur
984 4492 994 4529 .·
1009 4494 1060 4533 noo

259 4556 329 4611 ιιιιιιι
343 4557 392 4613 tub
404 4559 538 4632 icgeettis,
550 4562 594 4617 aeti
605 4563 652 4619 sub
665 4565 748 4635 gratio
762 4566 852 4637 (Rana.
868 4583 905 4638 vt,
922 4571 990 4626 lbet
1001 4572 1056 4642 ll).

261 4644 312 4712 Eo,
324 4645 419 4719 inquit,
434 4650 538 4707 debetis
554 4653 656 4709 seruire
669 4655 724 4711 lieo
737 4656 853 4725 boetus,
866 4674 921 4731 qno
931 4660 1013 4719 etiam
1028 4662 1060 4718 ll·

259 4737 389 4795 beralius.
408 4740 552 4799 Peccatum
571 4746 670 4817 quippe
687 4746 874 4806 domittahatur
895 4751 981 4821 nobb,
997 4769 1058 4811 cum

259 4839 383 4887 reatuum
394 4831 567 4904 impendebat
579 4838 662 4906 ultio,
675 4851 767 4911 postea
776 4851 864 4899 autern
878 4860 958 4915 quam
972 4848 1058 4916 gralia

259 4920 309 4977 liei
329 4922 477 4981 bercheia⁸
498 4930 635 4986 consecuti
656 4932 731 5001 estis,
746 4942 774 4991 et
786 4933 915 5005 depositis
936 4946 1057 4995 reatuum

258 5014 424 5088 ponderibus
446 5021 612 5093 respirastis,
636 5025 751 5098 ingenuo
776 5028 878 5099 pudore
901 5033 1058 5090 commoniti

258 5107 365 5167 debono
376 5112 490 5181 annam
504 5114 607 5173 reletre
619 5117 772 5177 medimna.

294 5203 364 5261 hon.
385 5202 426 5261 Tu
439 5216 531 5262 restro
551 5224 638 5277 more,
651 5211 697 5281 qui
710 5211 745 5267 de
760 5221 851 5269 resim
863 5213 1030 5273 descendit
1014 5234 1058 5275 er·

256 5308 330 5363 roro,
342 5311 395 5353 non
407 5299 661 5369 agnoscis-gratiam
673 5302 726 5357 uisi
745 5303 773 5359 in
790 5303 948 5365 dimissione
962 5324 1057 5381 pecca

256 5392 364 5454 torum3
381 5397 409 5443 ιιι
422 5389 478 5459 jam
492 5390 526 5447 dc
539 5400 638 5448 eutero
651 5408 699 5464 per
715 5393 828 5453 liberum
843 5399 1005 5457 arbitrium'
997 5419 1056 5473 rpse

257 5475 340 5535 homo
359 5494 390 5535 se
406 5481 495 5553 ipsum
516 5480 629 5539 fabricet
647 5485 760 5556 jotham.
776 5486 829 5545 seo
844 5503 899 5547 non
919 5492 972 5551 hoc
991 5496 1056 5553 uicit

288 5729 798 5922 ’summittarqgrotiebenefietm
806 5861 964 5925 anumque,

603 368 726 428 arants
743 365 951 428 mentienti
967 365 1110 430 CONTRA
1127 365 1363 440 militetis
1383 373 1569 434 lucustam

1124 484 1253 553 Ecclesia,
1272 501 1331 558 qun
1353 487 1449 546 clamat
1473 497 1537 560 tota,
1553 493 1624 564 qnod
1644 487 1769 554 dldleita
1791 496 1920 572 blaglstm

1124 577 1215 634 bono:
1230 577 1272 633 Νι
1286 596 1332 634 nos
1346 579 1469 653 inferai'
1460 597 1486 638 m
1502 587 1662 642 tentationem
1679 587 1785 659 (ιιιιιιι.
1801 605 1838 658 rr,
1854 591 1918 664 tat:

1124 687 1176 727 non
1199 670 1251 728 lroc
1267 671 1340 741 dicit,
1353 675 1398 746 qni
1411 675 1485 745 di‘cit,
1501 669 1611 734 bromos
1624 677 1708 736 oriem
1727 679 1761 737 ati
1781 677 1876 752 benna,
1888 701 1921 741 ne

1123 764 1184 836 quid
1197 765 1297 838 sociatis
1315 765 1378 822 moli
1392 763 1429 838 (ιι
1439 767 1498 826 Cor.
1512 785 1570 841 xttt,
1589 772 1616 846 ι)
1631 793 1638 831 :
1654 781 1707 831 aton
1726 773 1777 834 boe
1793 775 1861 835 dicit
1873 781 1920 851 qui

1122 855 1194 923 dicit,
1211 852 1310 930 Reponi
1322 874 1368 931 pro
1380 867 1414 930 to,
1428 859 1514 931 Petro,
1527 879 1559 920 ne
1574 867 1675 938 deficiat
1696 869 1759 942 pidet
1779 879 1823 926 tua
1841 871 1918 943 (bue.

1121 962 1187 1015 xxti,
1202 945 1259 1021 ιι).
1276 945 1329 1006 lsto
1349 951 1420 1008 enlm
1443 949 1522 1011 modo
1545 959 1629 1028 gratia
1651 967 1680 1015 ιιι
1698 975 1752 1017 οοο
1775 975 1921 1033 pememus

1121 1036 1193 1108 lacit,
1204 1051 1256 1095 non
1270 1057 1329 1112 quae
1343 1045 1511 1113 peccavimus
1521 1045 1606 1105 dilull.
1617 1049 1736 1124 Uimque
1749 1055 1821 1110 enim
1837 1056 1921 1113 modo

1120 1127 1228 1202 adjurent
1246 1133 1339 1204 gratia,
1353 1138 1380 1191 οι
1401 1134 1557 1196 dintittendo
1577 1148 1637 1214 quas
1657 1142 1726 1201 male
1747 1145 1872 1214 locitans,
1891 1159 1919 1206 et

1120 1224 1273 1298 opitulando
1292 1237 1320 1283 ut
1334 1229 1499 1290 declinemus
1514 1244 1529 1290 a
1546 1237 1622 1293 rnalis
1642 1247 1669 1295 et
1683 1241 1752 1297 bona
1774 1243 1917 1300 baiardus.

1154 1317 1316 1376 ccxxviii.
1331 1323 1391 1380 iun.
1408 1322 1507 1383 Verum
1522 1327 1583 1401 qtlia
1596 1327 1726 1404 eiusdem,
1739 1349 1819 1406 quam
1834 1343 1919 1408 snpra

1118 1423 1286 1482 exposuerat,
1297 1417 1613 1487 quaestionislocurrehat
1622 1423 1743 1491 occasio;
1757 1435 1917 1498 utoppone·

1118 1511 1192 1558 retur
1205 1503 1336 1576 videlieet,
1353 1505 1479 1565 liberatos
1492 1525 1507 1567 a
1519 1512 1588 1584 lege,
1597 1528 1656 1585 quae
1674 1513 1822 1573 intentabat
1836 1519 1915 1585 iram,

1118 1607 1227 1652 securos
1254 1611 1332 1668 posse
1354 1597 1404 1655 snb
1423 1599 1515 1672 gratiae
1540 1599 1588 1660 liei
1607 1601 1770 1678 benignitate
1790 1622 1915 1678 peceare,

1117 1685 1234 1742 subdidit
1257 1689 1399 1759 protinus:
1417 1693 1580 1767 Quidergoi
1601 1696 1770 1768 precabimur,
1793 1701 1917 1771 quoniam

1117 1797 1167 1836 non
1178 1798 1265 1838 soritas
1278 1781 1324 1838 sub
1339 1785 1402 1857 lege,
1413 1787 1458 1841 sed
1469 1786 1514 1843 aab
1527 1789 1630 1860 gralia?
1643 1787 1732 1846 Absit:
1743 1807 1778 1847 on
1790 1789 1918 1864 ignoratis

1116 1877 1236 1946 qnoniam
1249 1877 1291 1931 eni
1312 1875 1432 1934 caelibalis
1453 1894 1496 1935 ros
1517 1892 1600 1938 tanos
1613 1883 1646 1938 nd
1660 1884 1837 1952 obediendiam,
1851 1889 1917 1942 arrei

1116 1967 1175 2022 estio
1194 1969 1248 2040 eius
1266 1970 1306 2024 cui
1321 1969 1449 2038 obedistis,
1461 1975 1512 2027 sine
1524 1975 1630 2045 presoli,
1644 1978 1695 2031 sine
1707 1977 1857 2034 obeditionis
1866 1981 1916 2050 ju·

1116 2057 1284 2133 stitiafflom.
1296 2075 1332 2127 vt,
1348 2061 1481 2136 lantolt
1493 2065 1587 2123 iamne
1598 2071 1621 2122 ei
1635 2067 1778 2135 eredimus,
1790 2071 1824 2127 de
1837 2071 1919 2143 enjus

1116 2148 1273 2207 disseruerit
1287 2149 1415 2211 hactenns
1430 2157 1583 2214 cottdillnne
1599 2161 1719 2230 peecatil
1741 2161 1797 2228 Cui,
1814 2163 1916 2235 inquit,

1117 2241 1238 2297 ratricem
1252 2261 1294 2300 uos
1304 2261 1389 2302 aanor
1402 2249 1436 2302 ad
1448 2246 1690 2324 obediendumque
1704 2256 1768 2309 serni
1781 2255 1852 2324 ιιιιι,
1862 2257 1919 2312 sine

1117 2335 1223 2402 peccati,
1243 2335 1294 2391 sire
1302 2337 1418 2410 justitiae.
1432 2337 1483 2396 libi
1499 2341 1541 2396 ltie
1556 2357 1620 2414 ergo
1636 2343 1768 2400 indicatur
1787 2345 1822 2401 ab
1841 2345 1919 2418 Apo-

1115 2415 1185 2484 stolo
1197 2440 1337 2500 peecatum
1356 2429 1432 2501 illud,
1449 2431 1520 2505 qnod
1534 2445 1596 2492 aitte
1619 2437 1762 2493 uoluntatis
1778 2447 1917 2510 tempora,

1117 2531 1179 2578 atate
1203 2523 1382 2581 obedientium
1409 2525 1543 2596 studium,
1567 2539 1629 2586 anto
1654 2529 1773 2588 scientiae
1798 2539 1826 2588 ct
1848 2547 1919 2590 οοιι-

1116 2615 1236 2672 scientiae
1251 2618 1449 2689 :etatemipsis
1472 2617 1582 2693 tingitur
1595 2621 1783 2692 supervolasse
1802 2625 1920 2682 lemini-

1113 2702 1184 2762 bns'i
1205 2705 1275 2779 quod
1287 2711 1420 2766 certenlsi
1434 2712 1460 2767 in
1474 2711 1682 2770 Manichaeorum
1696 2713 1781 2786 libris,
1794 2715 1918 2778 inveniri

1116 2813 1169 2856 non
1182 2810 1279 2872 potest.
1571 2875 1576 2890 δ

1151 2893 1217 2950 huo.
1238 2893 1296 2950 Non
1323 2903 1385 2952 sunt
1410 2893 1616 2956 Manichaeorum
1641 2894 1713 2967 libri,
1732 2901 1776 2960 obi
1800 2901 1916 2975 legitur,

1115 2977 1223 3040 Fuimus
1243 2986 1309 3039 enim
1330 2995 1353 3040 et
1371 3001 1417 3043 taor
1438 2997 1530 3044 notttro
1552 2988 1601 3052 alit
1622 2991 1675 3060 irat,
1699 2993 1764 3048 sicut
1786 3002 1810 3050 et
1829 2997 1920 3050 catat

1115 3073 1222 3146 (bobes.
1238 3091 1267 3144 n,
1283 3077 1310 3148 b)
1323 3094 1329 3132 :
1342 3077 1429 3148 quod¹
1445 3091 1493 3134 ros
1510 3093 1580 3136 noro
1595 3095 1680 3149 more,
1695 3083 1743 3138 sed
1767 3083 1917 3156 impuden-

1116 3165 1218 3223 tissimo
1240 3181 1296 3234 ore,
1319 3166 1532 3240 interpretamini
1546 3187 1580 3228 er
1603 3185 1703 3246 graeco,
1716 3185 1745 3231 ut
1766 3161 1920 3247 apostotus

1115 3258 1214 3317 dixisse
1233 3260 1364 3328 videatur,
1382 3275 1434 3319 non
1458 3272 1568 3331 amin:
1585 3267 1633 3323 sed
1656 3284 1770 3339 prorsas,
1785 3270 1838 3327 hnc
1859 3283 1918 3340 est,

1114 3355 1210 3426 suimus
1224 3366 1328 3427 'prorsus
1344 3356 1392 3426 aaa·
1406 3361 1460 3413 irae.
1476 3356 1509 3414 lit
1522 3356 1591 3415 torte
1605 3360 1657 3417 boc
1671 3360 1815 3419 ementiare
1830 3364 1920 3422 ande·

1115 3448 1176 3503 bitis
1197 3449 1222 3504 ln
1242 3448 1378 3507 corbcihns
1398 3450 1495 3507 vestris
1508 3469 1514 3506 :
1529 3468 1583 3509 non
1603 3452 1675 3510 enlm
1694 3454 1774 3510 vultis
1794 3458 1917 3527 aequie-

1114 3556 1207 3608 score,
1228 3542 1299 3613 qnod
1314 3542 1364 3598 nisi
1377 3540 1445 3612 haee,
1460 3554 1560 3617 quanto
1572 3547 1672 3616 verior,
1687 3556 1762 3603 tanto
1775 3551 1921 3622 antiquior

1114 3632 1182 3689 lides
1197 3643 1277 3701 esset,
1293 3636 1344 3692 lroe
1363 3649 1457 3693 manes
1471 3636 1547 3693 latini
1569 3636 1678 3717 codices
1699 3654 1751 3695 non
1767 3640 1920 3701 haberent.

1112 3721 1168 3782 Neo
1181 3728 1244 3783 ideo
1258 3736 1346 3784 tamen
1367 3730 1513 3801 Apostolus
1535 3740 1646 3790 monere
1660 3746 1713 3790 non
1727 3732 1829 3802 debuit,
1847 3736 1921 3793 obe-

1113 3819 1239 3877 diendum
1257 3822 1318 3879 esse
1330 3824 1453 3895 justitiae,
1466 3840 1519 3881 non
1542 3829 1661 3897 peccato,
1675 3826 1736 3898 qnia
1749 3842 1846 3885 omncs
1861 3828 1922 3889 ho-

1115 3914 1201 3970 mines
1223 3915 1273 3970 suh
1295 3923 1403 3986 praecata
1419 3916 1564 3982 nascimur,
1585 3928 1698 3989 quorum
1723 3919 1781 3990 ipse
1794 3929 1874 3977 ortos
1889 3922 1921 3977 in

1112 4007 1176 4063 uitio
1200 4004 1427 4081 estllnarorios,
1455 4008 1498 4064 lib.
1524 3998 1537 4065 ι
1563 4008 1594 4066 de
1622 4008 1783 4079 Paenitentia,
1809 4028 1872 4085 cop.
1899 4015 1923 4070 2

1113 4100 1151 4155 oei
1169 4096 1215 4173 5).
1236 4098 1387 4155 (lunt'enim
1400 4098 1579 4171 generationis
1595 4110 1686 4158 rmtns
1698 4106 1923 4175 regenerationis

1112 4192 1276 4289 indulgentia
1297 4189 1377 4248 interit
1390 4190 1538 4261 absolutus,
1552 4190 1730 4251 obediendum
1743 4204 1784 4251 cst
1798 4195 1923 4266 justitiae

1112 4284 1228 4359 spiritui,
1245 4281 1288 4342 cui
1309 4286 1472 4355 consentire,
1488 4302 1538 4343 nce
1557 4285 1735 4344 obediendum
1749 4296 1791 4344 cst
1807 4304 1924 4347 eoncu-

1112 4366 1360 4452 piscentimearnis,
1376 4390 1563 4452 contraquam
1582 4390 1686 4438 certare
1707 4380 1862 4439 dehemus.
1881 4385 1927 4441 ita

1111 4488 1177 4529 sanc
1189 4484 1218 4530 ut
1230 4473 1315 4543 ipsam
1330 4490 1435 4545 qttoque
1455 4461 1633 4531 obedientiam
1654 4474 1724 4544 piam
1745 4472 1847 4530 donum
1867 4476 1924 4533 Dei

1111 4580 1172 4622 esse
1195 4566 1405 4637 meminerimus,
1425 4566 1497 4637 quod
1521 4566 1644 4637 promisit
1666 4582 1714 4636 per
1737 4566 1924 4638 prophetam,

1111 4659 1212 4727 dicens,
1227 4659 1299 4715 Dabo
1314 4658 1349 4715 eis
1362 4678 1406 4715 cor
1417 4658 1585 4733 cognoiceadi
1603 4672 1652 4727 me,
1669 4670 1692 4716 et
1706 4676 1779 4717 cures
1798 4664 1925 4720 andien-

1111 4762 1146 4808 tes
1167 4750 1276 4827 (ierant.
1298 4767 1370 4821 axau,
1391 4745 1445 4827 ‘liz
1462 4748 1533 4827 quod
1557 4742 1620 4827 quid
1642 4764 1683 4812 esi
1703 4754 1790 4825 abui,
1816 4760 1924 4829 qnam

1112 4835 1290 4901 obedientes?
1421 4898 1424 4915 ,

1146 4924 1285 4993 ccxxiii
1301 4933 1360 4993 iux.
1378 4934 1508 4994 Ceteram
1523 4926 1665 5012 ¹llpostolns
1680 4940 1796 4997 ostendit
1812 4942 1846 5015 (si
1870 4954 1929 5001 ta

1111 5047 1172 5089 men
1187 5032 1301 5103 aliquam
1314 5032 1348 5087 ab
1355 5009 1511 5088 bominibus
1525 5032 1575 5087 hae
1591 5042 1748 5103 tempestate
1760 5032 1868 5089 lidem'
1858 5052 1906 5094 rm

1110 5127 1227 5201 patrat),
1242 5141 1334 5187 servos
1354 5143 1384 5185 se
1394 5113 1451 5185 raon
1466 5108 1555 5185 dicere
1577 5128 1697 5201 peccati,
1713 5126 1765 5183 nisi
1779 5142 1930 5201 eosquos

1110 5230 1215 5279 eottslat
1227 5219 1363 5279 tolutttate
1373 5220 1481 5293 propria
1494 5220 1619 5277 obedisse
1632 5228 1750 5292 peccato,
1761 5220 1840 5291 cuins
1851 5238 1932 5281 mu-

1111 5314 1249 5395 tatione¹,
1265 5313 1362 5383 idest,
1377 5308 1536 5401 volttntatis,
1552 5313 1810 5385 caeperuntservire
1827 5314 1933 5387 justi-

1110 5408 1165 5465 tiae.
1180 5387 1364 5465 Obcdientiam
1373 5423 1444 5497 ergo
1457 5408 1484 5464 in
1500 5399 1588 5463 medio
1601 5406 1759 5473 collocavit;
1774 5416 1802 5463 et
1815 5410 1842 5464 ei
1860 5410 1932 5467 irrr-

1111 5502 1213 5573 putavit
1223 5472 1293 5573 quod
1306 5499 1349 5557 vel
1359 5498 1431 5557 uitiis
1441 5480 1527 5573 prius,
1536 5500 1577 5556 vel
1589 5511 1680 5572 postea
1691 5498 1858 5559 studuerunt
1867 5516 1934 5575 pa-

1110 5610 1171 5652 rere
1186 5592 1336 5651 uirtutibus.

1146 5690 1213 5745 huo
1236 5688 1286 5757 Qui
1306 5685 1442 5743 conlidum
1461 5688 1488 5743 in
1507 5686 1605 5745 virtute
1623 5702 1670 5745 sua
1690 5682 1787 5761 (Prot.
1808 5704 1904 5749 ιιιιιι
1920 5737 1936 5768 ,
1988 5706 1989 5711 ’

1142 5806 1186 5853 ¹ln
1198 5810 1252 5854 tiss
1255 5816 1339 5866 ,.qnos

1143 5868 1234 5916 ¹sicin
1253 5839 1304 5917 btss.
1317 5863 1536 5925 Ειιιιι,ιίιιιιιιιιόιιι
