4009 6375
145 282 205 342 asar
842 284 944 343 niuea
962 280 1107 350 sextus.
1360 348 1396 359 ,
1447 230 1464 284 Τ
1489 239 1507 311 53:
1525 250 1565 265 ”
1710 285 1783 353 roas

141 404 185 477 qui
194 411 222 460 et
231 410 376 476 antequam
390 404 417 459 iu
429 419 510 461 earne
519 402 633 475 reniret,
645 418 694 477 per
705 402 784 461 fldem
794 404 878 477 ipsam
889 418 933 459 re·
987 404 1033 477 qui
1047 410 1055 441 ¹
1067 410 1284 479 praevaricatores
1297 408 1357 481 lure
1376 420 1541 482 sequeretur.
1555 406 1613 472 don
1628 425 1692 483 erqo
1705 411 1782 471 breri

141 495 239 565 deudt,
262 514 314 569 qua
335 496 494 554 credebatur
514 514 575 555 esse
597 507 735 555 venturus.
757 497 934 554 Redimuntur
988 504 1107 570 tempore
1128 510 1238 571 apparet
1260 501 1344 557 Adam
1368 501 1515 559 custodisse
1537 502 1708 569 mandatum
1732 508 1783 559 sed

140 598 226 645 autem
249 590 277 645 in
298 588 449 649 libertatem
471 590 642 647 beatitudinis
663 592 873 661 sempiternam,
888 590 933 647 ubi
986 589 1065 644 etiam
1078 590 1160 647 Eram
1173 608 1263 649 curam
1279 592 1427 649 devotionis
1440 593 1575 663 babuisse,
1589 611 1647 667 quae
1660 595 1781 651 scieritiae

137 678 190 752 jam
203 690 315 751 peccato
334 683 436 738 seruire
458 697 510 738 non
532 684 645 754 possint.
660 681 727 739 Nam
739 684 773 748 si,
789 692 818 738 ut
831 682 897 738 dicis
910 683 931 750 ¹,
986 682 1166 741 etdivinitatis
1177 701 1267 742 amore
1280 686 1397 757 collapsa
1407 698 1456 743 est.
1469 686 1524 743 Cur
1533 703 1595 758 ergo
1609 689 1651 743 illa
1662 688 1779 759 justitia,

139 772 201 829 boui
227 774 348 847 malique
373 775 518 831 voluntarii
546 774 708 847 possibilitas
739 774 796 831 sola
822 774 933 830 libertas
985 774 1029 830 illa
1043 777 1163 844 devotio,
1177 794 1236 850 quae
1251 780 1276 834 in
1291 778 1376 834 riclam
1391 779 1453 845 diu,
1468 780 1493 835 in
1507 780 1561 835 Era
1574 780 1726 851 aliquandiu
1739 780 1781 836 ri-

139 876 194 933 est;
224 886 236 922 ι
262 884 317 925 ιιοιι
345 865 425 924 babet
453 868 601 924 libertatem
624 868 710 932 Deus,
741 867 767 922 in
789 881 842 938 quo
868 881 932 937 pec·
984 870 1058 941 quit,
1074 885 1127 927 non
1141 872 1238 942 eripuit
1251 870 1421 943 delinquendi
1434 870 1652 942 possibilitatem,
1672 882 1701 927 ut
1715 872 1780 931 boni

138 957 212 1037 qudi
235 959 401 1029 possibilitas
428 973 481 1014 non
508 970 559 1015 est.
589 958 710 1015 fluminis
733 972 798 1014 nero
818 958 932 1013 liberum
984 962 1129 1021 necessitas
1144 962 1359 1033 impenetrabiles
1373 978 1420 1020 eos
1435 962 1550 1019 suadelis
1568 963 1689 1020 sontibus
1704 964 1780 1020 eslii·

137 1050 274 1107 arbitrium
285 1050 498 1129 congenitumxet
508 1050 619 1107 omnino
633 1049 808 1107 inamissibile
820 1049 843 1105 si
857 1063 931 1121 quas·
984 1050 1080 1109 bereti
1099 1054 1217 1111 Fuerunt
1235 1070 1299 1127 erpo
1315 1055 1443 1127 quamdiu
1456 1057 1597 1112 voluerunt
1611 1054 1779 1121 obedientes,

136 1144 238 1209 rimus,
255 1143 322 1201 illud
336 1153 444 1216 estque
461 1143 531 1200 beati
544 1158 638 1200 omnes
651 1158 712 1200 esse
724 1143 836 1213 volunt,
851 1143 931 1200 etiam
984 1161 1035 1203 uec
1049 1155 1137 1205 tamen
1151 1148 1325 1221 perdiderunt
1344 1150 1439 1207 merito
1458 1149 1608 1206 denotionis
1626 1146 1779 1205 facultatem

137 1236 160 1288 bi
175 1236 267 1305 quiea
281 1238 376 1292 nolunt
389 1252 448 1307 quae
462 1237 497 1293 ad
509 1236 701 1292 beatitudinem
714 1234 826 1291 dueuut.
983 1240 1175 1310 prevaricandi
1191 1262 1196 1298 :
1211 1243 1325 1314 denique
1338 1243 1406 1314 lapsi
1421 1253 1484 1300 suut
1498 1240 1574 1317 (Gen.
1587 1259 1605 1299 rr
1618 1251 1641 1297 et
1654 1240 1693 1316 ιιι)
1709 1259 1715 1296 a
1731 1240 1780 1313 igi·

167 1326 225 1383 xli.
239 1328 302 1385 iun.
318 1326 436 1396 Deinde,
450 1338 480 1384 ιιι
496 1329 650 1399 prerupta·
664 1327 797 1397 opinionis
816 1336 868 1382 tua
888 1340 933 1384 se·
983 1337 1028 1386 tur
1041 1341 1067 1387 et
1080 1343 1253 1405 posteaquam
1270 1345 1461 1406 peccaverunt,
1481 1334 1651 1391 manifestum
1668 1344 1709 1389 est
1730 1349 1779 1388 ue·

135 1434 262 1489 ᾳιιιιιιιιι,
286 1422 482 1493 argumentaris
501 1420 545 1476 tali
567 1420 719 1477 conditione
732 1420 844 1476 liberum
857 1418 930 1474 arbi·
982 1438 1115 1493 quaquam
1129 1439 1176 1480 eos
1194 1426 1313 1497 potuisse
1331 1426 1385 1482 viru
1404 1426 1578 1483 correctionis
1595 1425 1728 1481 amittere.
1747 1424 1780 1479 llt

135 1509 212 1566 trium
233 1510 386 1568 ordinatum
409 1512 506 1582 fuisse,
520 1521 549 1567 ut
565 1512 619 1567 vim
634 1527 709 1567 suam
723 1512 819 1568 merito
831 1522 930 1567 secutae
982 1513 1043 1570 ideo
1057 1526 1086 1571 ut
1098 1517 1124 1572 iu
1137 1516 1261 1573 omnibus
1273 1517 1349 1587 loeis,
1362 1518 1405 1574 bic
1415 1533 1521 1589 quoque
1534 1524 1617 1573 totum
1630 1516 1700 1588 quod
1712 1531 1779 1572 eon·

133 1602 278 1658 voluntatis
294 1604 443 1671 amitteret,
459 1610 487 1659 et
499 1602 633 1675 qualitatis
652 1618 731 1675 quam
744 1602 868 1673 elegisset
880 1614 928 1658 ne·
982 1606 1097 1665 fureres
1119 1610 1257 1681 perdidisti
1274 1611 1358 1683 :quia
1379 1617 1516 1683 peecatum
1539 1607 1605 1666 illud
1627 1610 1777 1681 primorum

132 1695 301 1764 cessitatem,
324 1697 349 1751 in
367 1696 500 1768 reliquum
514 1696 666 1753 sustineret.
682 1696 749 1752 llinc
760 1711 824 1767 erqo
836 1694 930 1768 quida
981 1699 1118 1757 bominum
1142 1718 1192 1759 nec
1212 1702 1327 1759 ullomm
1342 1702 1406 1759 fecit
1419 1702 1561 1759 criminum
1576 1701 1776 1769 necessitatem,

132 1788 208 1844 nobis
221 1789 355 1846 referatur
366 1790 484 1847 attende.
499 1790 604 1847 Siccine
617 1799 695 1862 putas
706 1790 842 1848 bominem
853 1806 930 1849 erea-
980 1808 1031 1851 nee
1046 1795 1151 1852 transiit
1164 1794 1193 1850 in
1205 1805 1343 1861 naturam;
1357 1795 1426 1851 sicut
1436 1794 1538 1865 iustitia
1552 1808 1612 1866 quae
1626 1792 1775 1864 praeessu,

131 1890 196 1950 tum,
207 1891 239 1938 ut
251 1882 322 1938 bane
333 1883 425 1939 eiecta
435 1884 570 1954 qualitatis
581 1883 767 1941 necessitatem
777 1883 805 1939 in
815 1892 928 1955 utraque
980 1902 1031 1944 nee
1043 1888 1170 1943 virtutum
1184 1888 1273 1944 intulit
1286 1886 1486 1955 necessitatem,
1500 1900 1550 1943 nec
1562 1884 1613 1942 sibi
1626 1885 1683 1941 vias
1694 1882 1778 1943 semi·

131 1981 205 2045 parte
219 1982 368 2043 pateretur,
380 1972 407 2030 id
419 1983 470 2041 est,
481 1983 510 2029 ut
521 1976 545 2031 si
556 1976 655 2033 bonum
667 1974 805 2040 noluisset,
815 1974 929 2031 ulterius
980 1995 1043 2037 num
1055 1980 1208 2037 vindicarit.
1763 2054 1766 2063 ¹

130 2080 242 2135 peceare
256 2082 311 2122 non
326 2077 432 2137 posset;
448 2075 475 2123 et
494 2067 518 2123 si
537 2067 664 2139 elegisset
684 2068 800 2135 malum,
815 2070 883 2126 ultra
898 2084 928 2125 se
1015 2076 1084 2131 flue.
1098 2072 1194 2129 Totum
1214 2072 1284 2145 quod
1303 2073 1405 2130 tamdiu
1423 2082 1450 2131 et
1468 2082 1541 2129 tanta
1555 2072 1696 2131 rerbomm
1712 2088 1777 2145 per·

129 2158 276 2215 emendare
295 2160 437 2230 nequiret?
455 2174 488 2216 au
508 2170 538 2216 ut
555 2161 740 2217 tantummodo
754 2162 850 2217 maiam
863 2177 927 2234 par·
979 2162 1105 2233 plenitate
1118 2166 1220 2232 dixisti,
1234 2166 1351 2223 breviter
1364 2167 1403 2221 sic
1417 2174 1505 2237 potest
1518 2165 1580 2222 dici.
1594 2164 1658 2231 Cur,
1674 2164 1773 2235 inquis,

130 2259 180 2307 tem
195 2251 260 2307 maii
281 2254 428 2308 rrecessiurs
442 2260 613 2325 sequeretur,
635 2253 662 2309 iu
677 2252 746 2309 bona
759 2262 847 2308 ararem
861 2252 926 2309 uiiril
979 2254 1064 2312 Adam
1075 2257 1144 2313 male
1153 2255 1256 2329 agendo
1266 2256 1381 2329 perdidit
1391 2271 1471 2331 posse
1485 2256 1554 2313 bene
1566 2272 1656 2328 apere,
1667 2264 1694 2311 et
1704 2255 1774 2313 bens

16 2401 17 2412 ,
129 2342 179 2396 tale
192 2342 374 2412 contingeret,
390 2342 437 2398 sed
451 2358 559 2415 semper
570 2343 696 2413 periculis
707 2343 864 2399 varietatum
880 2359 927 2413 pa·
978 2348 1053 2419 prius
1066 2349 1168 2421 agendo
1183 2366 1235 2405 non
1249 2348 1365 2422 perdidit
1386 2364 1466 2423 posse
1483 2350 1614 2421 peecare?
1628 2350 1666 2408 Et
1676 2350 1715 2406 vis
1730 2350 1774 2405 in·

16 2429 17 2434 ’
128 2432 271 2490 terettssr
292 2434 334 2489 lris
353 2434 457 2491 duobus
478 2435 616 2507 quodlibet
635 2436 734 2492 sumito
754 2454 762 2491 ε
782 2437 805 2492 si
825 2436 926 2493 dixeris
979 2442 1621 2513 tellipi,siitacst,bominemnonbonaa,sed
1641 2442 1773 2499 malefa-

127 2530 205 2584 talem
218 2526 317 2584 factam
329 2543 390 2585 esse
402 2537 533 2594 naturam,
547 2544 606 2600 quae
618 2529 681 2611 mali
694 2536 796 2586 mutum
808 2529 927 2587 necessi·
977 2541 1050 2588 ctum
1064 2532 1151 2599 fuisse
1159 2544 1278 2601 naturae,
1293 2534 1318 2589 in
1332 2550 1386 2605 quo
1397 2534 1456 2605 plus
1469 2534 1552 2589 valuit
1564 2533 1634 2589 aetio
1646 2533 1725 2599 mala,
1738 2548 1775 2591 ne

16 2615 17 2618 ’
127 2630 206 2678 tatem
220 2622 455 2693 patereturznuiii
467 2623 575 2678 dubium
588 2622 746 2689 remanebit,
762 2624 925 2681 teterrimam
976 2634 1070 2698 posset
1082 2642 1163 2699 apere
1174 2628 1255 2696 bene,
1270 2642 1350 2701 qrram
1363 2628 1433 2685 actio
1446 2626 1530 2693 bona,
1545 2642 1579 2683 ne
1592 2634 1683 2701 posset
1694 2641 1775 2699 apere

127 2728 183 2770 earu
203 2713 328 2781 definiri,
344 2714 387 2770 cui
401 2714 501 2787 peioris
516 2714 601 2787 partis
614 2717 741 2772 violentia
753 2717 810 2773 sola
824 2717 925 2774 tribua·
976 2716 1058 2774 male.
1070 2718 1167 2775 Posses
1182 2719 1234 2775 isto
1245 2718 1327 2774 modo
1337 2718 1444 2785 dicere,
1459 2719 1530 2774 male
1543 2716 1625 2775 fuisse
1637 2716 1775 2775 bominem

16 2797 17 2800 ’
127 2812 184 2873 tor;
201 2806 386 2879 probaturque
400 2806 485 2862 Adam
500 2808 924 2879 quoquemalaefuissenaturae3
976 2822 1039 2865 cum
1052 2806 1360 2880 oculisereatum,quia
1374 2823 1434 2864 cum
1449 2823 1497 2868 eos
1511 2810 1683 2877 exstinxerit,
1705 2808 1774 2865 btin
1830 2834 1845 2853 .

16 2927 17 2952 ι
127 2907 152 2955 et
165 2900 268 2955 uirilius
282 2900 433 2956 remanebit
445 2900 606 2966 voluntarii,
627 2902 678 2959 sub
698 2916 750 2975 qua
771 2902 923 2972 delitescas,
976 2900 1025 2957 illo
1038 2908 1067 2957 ut
1080 2916 1133 2957 non
1148 2902 1233 2975 possit
1248 2901 1356 2968 videm
1369 2901 1484 2957 videndo
1505 2910 1594 2958 autem
1613 2916 1667 2957 nou
1686 2902 1712 2957 in
1727 2900 1775 2958 illo

16 3009 17 3016 ι
127 2992 219 3047 ambra
231 2992 382 3047 commissi.
395 2990 442 3047 Sin
454 2998 544 3048 autem
557 2994 716 3063 profitearis,
730 2996 812 3051 etism
823 2996 850 3051 in
860 2994 925 3052 boni
977 2992 1077 3051 factum
1090 3003 1133 3051 est
1144 3002 1175 3050 ut
1187 3008 1235 3051 eos
1254 3010 1308 3051 non
1327 3005 1418 3067 posset
1436 2993 1605 3065 exstinguere
1618 3012 1625 3049 ι
1639 3004 1686 3049 aut
1704 2993 1774 3051 malo

127 3094 198 3155 parte
214 3084 289 3141 idem
305 3083 387 3140 fuisse
399 3093 563 3153 secuturum,
579 3086 605 3141 id
619 3093 671 3154 est,
686 3094 716 3141 ut
728 3088 751 3142 ai
763 3087 862 3144 bouum
874 3104 926 3145 ro·
976 3084 1059 3143 fuisse
1073 3094 1157 3163 toturn
1170 3100 1267 3158 corpus
1280 3086 1397 3143 bominis
1409 3085 1562 3153 conditum,
1578 3088 1639 3157 quia
1654 3087 1681 3141 in
1697 3094 1775 3157 pote-

127 3176 226 3244 luisset‚
242 3177 355 3234 ulterius
367 3193 478 3250 peccare
491 3195 545 3236 non
558 3190 648 3252 posset
661 3199 669 3236 a
682 3182 781 3252 refero,
794 3181 849 3239 Gur
861 3199 926 3256 erge
976 3186 1047 3235 state
1059 3176 1140 3234 habet
1151 3186 1182 3234 ut
1194 3178 1251 3250 ipse
1263 3193 1294 3235 se
1306 3186 1393 3246 necet,
1408 3193 1457 3234 nec
1469 3177 1548 3233 babet
1560 3179 1587 3234 in
1602 3185 1732 3248 potestate
1744 3182 1776 3234 ut

126 3269 268 3339 peccarint
280 3270 336 3326 cur
349 3269 449 3325 narium
469 3285 565 3340 passus
582 3279 624 3328 est
642 3271 706 3328 boui
726 3275 924 3343 necessitatem,
976 3283 1007 3326 se
1020 3267 1078 3340 ipse
1091 3269 1249 3338 resuscitem
1264 3277 1291 3326 et
1304 3269 1353 3327 ut·
1367 3271 1393 3325 in
1407 3285 1441 3325 eo
1454 3279 1624 3340 permortua
1637 3279 1663 3326 ut
1677 3285 1707 3328 se
1719 3287 1775 3330 non

125 3372 154 3415 nt
164 3360 270 3418 insidiis
280 3361 380 3417 diaboii
390 3363 602 3432 impenetrabilis
613 3373 765 3438 appareret,
778 3367 824 3437 qui
836 3367 925 3438 aliquo
977 3364 1063 3435 possit
1072 3363 1217 3430 uirifcare,
1230 3377 1280 3420 nee
1293 3367 1323 3420 lit
1335 3363 1361 3419 in
1375 3379 1408 3420 eo
1421 3363 1559 3434 pervitam
1570 3373 1597 3420 ιιι
1608 3379 1637 3420 se
1648 3379 1700 3420 non
1711 3380 1775 3438 pos·

126 3461 264 3525 tempore,
289 3454 443 3526 prinsquam
466 3465 606 3526 peccaret,
627 3457 708 3513 fuisse
726 3455 855 3514 obediens
868 3459 926 3516 lieo
977 3455 1014 3512 sit
1024 3453 1155 3513 occidere.
1171 3453 1248 3526 Quod
1262 3456 1285 3512 si
1300 3470 1351 3512 nou
1365 3457 1442 3522 dieis,
1456 3457 1581 3528 quoniam
1594 3458 1681 3516 cernis
1693 3473 1775 3530 quarn

126 3545 280 3602 incessitur?
299 3545 393 3618 Neque
414 3547 487 3602 enim
511 3547 584 3604 illico
604 3548 675 3619 quod
694 3547 817 3620 inpressu
829 3551 926 3607 animae
977 3549 1014 3607 sit
1025 3549 1174 3617 insulsum;
1188 3566 1236 3606 eur
1249 3550 1347 3608 malam
1360 3549 1427 3608 dieis
1439 3551 1523 3606 Deum
1538 3566 1644 3608 creasse
1658 3551 1775 3608 huminis

125 3635 203 3693 limus
216 3637 350 3708 intepuit,
365 3639 391 3692 in
406 3637 553 3708 appetitum
566 3639 643 3694 malae
655 3640 800 3697 voluntatis
815 3641 925 3699 exarsit.
978 3653 1110 3713 naturam,
1125 3645 1148 3700 si
1160 3642 1225 3700 fecit
1237 3644 1262 3698 in
1276 3659 1308 3700 eo
1320 3643 1390 3699 mala
1403 3643 1525 3699 noluntas
1537 3659 1571 3700 ne
1582 3643 1671 3700 redire
1683 3652 1776 3716 posset

126 3726 234 3799 legieris·
247 3728 387 3800 quinimo,
400 3729 434 3786 ad
449 3729 580 3785 culturam
595 3729 710 3800 paradisi
723 3730 926 3804 custodiamque
977 3735 1012 3792 ad
1031 3735 1149 3804 bonum,
1165 3737 1287 3809 quamuis
1300 3735 1326 3791 in
1340 3749 1373 3790 eo
1386 3751 1439 3790 non
1455 3733 1548 3792 feccrit
1564 3736 1687 3791 voluutas
1703 3733 1776 3794 bona

126 3820 274 3877 translatus
294 3821 430 3894 accepisse
448 3830 612 3894 preceptum
627 3837 642 3878 a
656 3824 728 3893 lieo,
752 3834 782 3880 ut
794 3826 926 3882 universis
977 3836 1007 3884 ut
1020 3828 1059 3885 ire
1072 3844 1126 3884 non
1141 3835 1233 3900 posset
1246 3829 1273 3883 in
1286 3827 1406 3884 malum!
1418 3827 1483 3883 Cum
1497 3827 1584 3884 libero
1598 3829 1670 3885 enim
1683 3831 1723 3885 sic
1733 3837 1777 3886 est

127 3913 257 3972 fructibus
270 3922 434 3984 vesceretur,
446 3915 494 3971 sed
506 3931 521 3972 a
533 3916 605 3990 liano
617 3917 736 3973 seientia
750 3916 813 3973 boni
827 3927 854 3973 et
866 3933 925 3973 ma·
977 3928 1083 3976 creatus
1095 3921 1216 3988 arbitrio,
1229 3928 1258 3975 ut
1271 3927 1361 3992 posset
1372 3934 1425 3974 non
1437 3934 1559 3990 peccare,
1571 3918 1595 3976 si
1606 3920 1707 3988 nollet;
1719 3935 1775 3978 uon

126 4007 161 4072 li,
175 4007 247 4064 dicto
261 4007 374 4065 audieus
385 4009 542 4066 abstineret.
554 4009 704 4080 Antequam
718 4026 782 4084 erqo
794 4010 829 4069 de
841 4012 926 4072 latere
977 4019 1008 4068 ut
1020 4013 1043 4070 si
1057 4012 1154 4080 vellet,
1170 4011 1426 4082 impune'peccaret.
1447 4009 1515 4080 outo
1535 4025 1599 4084 erqo
1620 4011 1732 4078 mimus,
1751 4012 1777 4070 si

16 4096 17 4175 ι
127 4100 185 4170 ejus
202 4115 304 4171 eorpus
322 4098 483 4157 formaretur
496 4101 604 4167 uxoris,
620 4101 747 4160 obediens
761 4105 860 4161 mansit
872 4106 925 4160 im·
977 4103 1167 4178 delinquendo,
1179 4103 1292 4172 houset,
1304 4103 1491 4160 rectitudinem
1504 4119 1579 4161 suam
1590 4105 1616 4162 in
1628 4122 1679 4179 qua
1692 4106 1777 4164 factus

16 4189 17 4203 ³
126 4195 210 4264 perio,
223 4193 324 4251 amoeni
338 4193 409 4249 mris
421 4193 529 4250 cultor·
545 4194 675 4252 innocuus
688 4213 696 4251 a
710 4206 770 4267 post
784 4197 836 4253 hoc
848 4212 923 4269 reru,
977 4207 1036 4257 crat
1048 4197 1261 4272 depravatione·
1277 4199 1417 4269 mutando,
1430 4215 1492 4256 cum
1510 4200 1640 4272 supplicio
1653 4210 1775 4258 secutum

101 4287 289 4358 ·adjutoriuua
311 4287 407 4342 similia
425 4287 477 4344 sibi
495 4288 628 4344 consortis
642 4289 766 4345 emeruit.
781 4289 928 4348 inculcarit
978 4300 1021 4348 est
1038 4307 1090 4348 non
1107 4305 1186 4363 posse
1199 4299 1272 4348 recta
1286 4293 1385 4364 agere?
1399 4291 1530 4362 Quamdiu
1550 4308 1615 4350 sero
1634 4293 1660 4349 in
1680 4293 1775 4349 eadem

125 4395 225 4452 nempe
243 4381 295 4436 bas
314 4379 499 4437 distinctiones
518 4389 669 4451 tempomm
684 4383 829 4454 Scriptura
848 4384 924 4441 fides.
978 4383 1139 4440 rectitudine
1152 4383 1241 4449 stetit,
1257 4383 1284 4439 in
1304 4397 1357 4456 qua
1375 4391 1480 4455 poterat
1498 4399 1552 4440 non
1572 4398 1699 4454 peecare,
1715 4382 1776 4439 ideo

125 4471 272 4545 Postquam
290 4487 355 4527 vero
372 4471 426 4543 jam
446 4472 496 4530 sibi
515 4459 654 4528 mulierem
666 4471 734 4530 vidit
747 4483 883 4546 paratam,
898 4477 926 4532 iu
978 4491 1031 4533 non
1054 4475 1157 4546 aceepit
1177 4475 1263 4546 majus
1284 4474 1398 4546 aliquid,
1414 4474 1466 4530 hou
1480 4483 1536 4544 est,
1550 4489 1604 4530 non
1619 4489 1698 4544 posse
1711 4489 1776 4546 pec·

125 4575 230 4623 mutum
248 4575 385 4637 precepto
399 4564 448 4622 liei
466 4564 562 4622 sedulo
580 4563 757 4621 famulabatur
775 4567 880 4636 officio,
897 4576 927 4626 ut
978 4583 1052 4632 care,
1068 4567 1128 4638 quia
1143 4568 1170 4622 in
1182 4581 1215 4622 eo
1228 4564 1298 4637 quud
1313 4565 1415 4632 babuit,
1432 4581 1485 4621 non
1501 4564 1629 4635 usquead
1643 4565 1778 4624 finemre·

125 4663 207 4716 etiam
222 4661 329 4718 feminae
341 4661 436 4731 legem,
452 4675 532 4729 quarn
546 4673 697 4731 acceperat,
709 4661 852 4718 intimaret.
867 4664 926 4722 Non
966 4658 1172 4738 ⁴munerationis
1183 4657 1266 4712 voluit
1281 4671 1448 4728 permanere.
1464 4655 1540 4726 Quod
1555 4656 1625 4711 enim
1641 4659 1778 4729 accepturi

124 4755 215 4810 sulum
229 4755 313 4824 igitur
324 4764 416 4810 custos
428 4752 528 4822 divini,
546 4753 592 4809 sed
607 4754 687 4810 etiam
702 4753 860 4827 praedicatur
873 4758 925 4812 im·
977 4761 1038 4809 sunt
1050 4750 1145 4816 sancti,
1157 4753 1202 4821 qui
1215 4749 1241 4804 iu
1252 4750 1341 4804 futuro
1352 4747 1451 4804 saeculo
1463 4749 1488 4802 in
1500 4764 1613 4820 corpore
1623 4749 1705 4806 futuri
1715 4758 1779 4807 sunt

125 4846 205 4916 perii,
219 4845 401 4901 condocefecit
414 4845 498 4901 liram
510 4845 725 4902 etrererentiam
737 4848 924 4919 precipientis,
978 4843 1129 4917 spirituali,
1145 4844 1204 4900 siue
1224 4844 1375 4898 interventu
1397 4841 1491 4898 uronis
1511 4840 1599 4900 fuerat
1618 4853 1778 4915 accepturus

16 4998 17 5003 ,
125 4945 251 5008 etqenns
263 4937 413 5001 servitutis,
429 4937 928 5012 etcausamtimoris.lndeestquip-
978 4935 1126 5002 Adam,ut
1139 4934 1286 4992 ascendens
1300 4933 1334 4989 ab
1346 4948 1379 4990 eo
1391 4933 1461 5004 quod
1477 4943 1568 5004 posset
1581 4951 1633 4990 nun
1650 4938 1728 5004 mori,
1743 4933 1777 4992 ad

16 5028 17 5055 ³
125 5029 246 5102 pequod
261 5031 344 5086 etiam
363 5030 460 5086 mulier
472 5029 657 5104 congredienti
670 5030 778 5088 diabulo
792 5033 926 5090 obluctata
979 5026 1007 5084 ld
1021 5027 1173 5099 perveniret
1188 5025 1233 5082 ubi
1253 5041 1304 5081 raon
1325 5033 1416 5096 posset
1436 5026 1521 5093 mori;
1536 5035 1563 5082 et
1575 5026 1723 5083 ascendens
1743 5029 1777 5086 ab

124 5123 253 5192 sollicite,
266 5123 311 5180 eui
323 5122 390 5178 nibil
400 5123 471 5178 bens
483 5123 672 5193 imperauerat,
684 5121 782 5180 refellit
794 5126 927 5195 serpentis
978 5137 1013 5178 eo
1025 5121 1095 5192 quod
1107 5135 1161 5176 non
1175 5133 1286 5192 peccare
1296 5129 1397 5189 posset,
1412 5119 1446 5174 ad
1459 5119 1486 5175 id
1497 5121 1649 5190 perveniret
1659 5119 1703 5176 ubi
1715 5133 1777 5190 pee-

124 5217 214 5292 prima
236 5216 326 5273 fronte
349 5214 504 5283 mendacia,
526 5224 555 5272 et
576 5215 641 5274 dicit
661 5232 715 5273 non
737 5217 926 5275 abstinentiam
978 5228 1041 5270 care
1054 5226 1106 5269 uon
1120 5209 1290 5283 posset.lion
1302 5211 1400 5282 quippe
1413 5211 1439 5266 in
1452 5209 1776 5284 corporesprrltuali,sed

124 5311 247 5367 omnium
270 5310 422 5382 liquorum,
444 5309 514 5365 sicut
535 5308 581 5365 ille
602 5309 785 5376 confinxerat,
803 5311 849 5367 sed
865 5327 925 5368 curn
978 5304 1126 5362 inanimali
1139 5304 1223 5360 faetus
1236 5303 1777 5375 emeqrramrisnisipeooasset,minime

125 5401 260 5476 pennissu
271 5401 413 5459 fertilitatis
424 5401 556 5458 uniuersae
568 5400 647 5458 unius
660 5409 761 5457 tautum
773 5403 926 5471 mandatam
979 5399 1120 5454 morituro.
1133 5396 1211 5465 Quia,
1225 5397 1294 5454 sicut
1305 5396 1370 5454 dicit
1382 5397 1535 5468 Apostolus,
1551 5395 1612 5451 Non
1624 5396 1695 5468 ptiar
1706 5399 1776 5468 quod

124 5495 278 5554 arbaseua
297 5495 465 5563 cautionem,
486 5501 643 5567 metumque
664 5496 759 5554 mortis
779 5496 924 5569 obiectum,
977 5491 1110 5564 spirituale
1134 5500 1189 5560 eat,
1213 5491 1258 5547 aad
1279 5491 1348 5564 quod
1368 5489 1496 5556 cadmea
1517 5499 1622 5562 posteo,
1642 5489 1776 5564 spirituale

160 5654 171 5686 ¹
187 5653 334 5716 ιιςιιιετιιιε,
346 5647 549 5732 uquaibtdicit.
561 5649 854 5713 remuneratorius
1009 5650 1212 5744 :forteque-1

158 5716 635 5840 :ufflcussrgrfficutvrqgomrmomptu
1011 5705 1371 5835 'affiegieuszrwwm
1382 5765 1587 5822 memorarer
1598 5777 1651 5824 ιιι.
1757 5748 1775 5777 '⁶
