4009 6375
222 299 274 334 M..
378 321 389 330 .
424 303 438 328 a

255 401 322 462 ltlt

225 524 230 532 '
255 513 391 578 nuscitur,
405 523 459 568 nou
471 515 515 568 est
525 507 599 582 quod
610 509 636 567 ei
649 507 835 580 precipiatur,
848 505 900 564 uisi
913 512 942 563 ut
960 519 1043 561 rena-

254 617 357 666 scatm.

288 696 451 755 ccllllxll.
467 695 527 754 lox..
542 695 643 754 iustius
656 696 846 754 admoneretur
855 694 890 751 ab
901 692 963 762 bis,
977 705 1046 763 quos

253 790 397 850 emendare
417 789 558 856 studebat,
573 798 603 844 ut
615 796 745 862 quantum
759 789 919 859 imperaret,
941 799 1044 856 expeu-

254 884 345 950 deret;
361 892 389 940 et
409 883 488 938 sciret
501 882 616 952 primum
630 895 691 939 osee
702 879 808 938 consilii
821 878 969 954 constantis
981 891 1045 949 pra·

253 974 328 1041 drrm,
343 972 449 1044 imperii
461 972 569 1030 mudum
583 980 683 1030 mucre.
698 973 875 1028 Exauetorata
885 970 985 1042 quippe
996 969 1045 1026 do·

249 1065 339 1120 'ctrina
350 1072 408 1131 est,
424 1079 504 1136 uuam
516 1072 670 1120 contuetur
680 1064 808 1136 aquitan
822 1070 850 1119 et
861 1062 942 1134 plena
953 1069 1045 1118 aucto·

254 1154 340 1212 ritatis
358 1156 388 1223 ¹,
403 1169 483 1228 quum
503 1155 614 1226 justitie
636 1155 704 1214 libra
728 1153 906 1212 commendat.
930 1155 969 1209 Ao
996 1167 1046 1223 per

255 1247 324 1315 boe,
342 1256 447 1304 constat
467 1249 642 1320 Apostolum,
667 1247 845 1304 reverendum
863 1245 1044 1303 Ecclesiamm

254 1337 476 1407 informatorem,
503 1341 634 1396 rationem
661 1338 807 1412 magisterii
827 1338 887 1405 sui,
913 1336 1043 1404 consiliu,

256 1435 396 1503 equium,
419 1433 583 1491 bumauitate
604 1433 774 1500 reddentem,
789 1433 854 1490 nibil
872 1433 907 1488 de
929 1432 1042 1488 naturali

254 1525 373 1580 sensisse
382 1534 507 1594 peccato;
519 1525 731 1591 sedineuleasse,
745 1532 776 1580 ut
790 1530 910 1590 reserat,
923 1531 950 1580 et
963 1523 1045 1578 ritio-

254 1628 314 1670 rum
328 1629 377 1670 nus
390 1631 481 1672 servos
493 1617 598 1672 nonnisi
614 1632 662 1687 per
673 1616 835 1672 voluntatem
849 1614 948 1682 luisse,
962 1622 990 1670 et
998 1613 1045 1684 ju·

254 1705 333 1760 saltim
345 1721 394 1762 nos
405 1707 498 1762 cadom
516 1722 613 1778 posse,
626 1706 650 1761 si
660 1706 823 1777 corrigatur,
836 1706 973 1760 voluntate
984 1719 1044 1760 ser·

253 1796 320 1852 rire.
334 1797 430 1853 llernrn
441 1800 565 1870 quoniam
578 1799 605 1854 in
617 1799 784 1868 expositione
796 1799 846 1854 loci
857 1796 937 1866 buius
950 1796 987 1851 lui
997 1796 1046 1851 ba·

254 1893 347 1941 ctenus
361 1900 521 1959 occupatus,
545 1899 573 1943 ut
595 1889 762 1946 ostenderem
785 1903 833 1958 per
844 1888 957 1958 apostoli
969 1887 1045 1944 Pauli

253 1978 334 2032 rerba
348 1979 507 2034 llarrlclraos
519 1983 583 2034 nilril
598 1997 676 2052 posse
690 1980 815 2048 dcieudi;
829 1981 966 2052 patuitque
977 1993 1044 2036 eon-

254 2080 327 2127 textu
348 2075 476 2128 orationis
489 2075 546 2144 ejus
560 2075 695 2143 veritas',
710 2091 790 2146 quarn
804 2089 944 2145 peremne
956 2073 1045 2130 dictu·

253 2178 313 2218 rum
327 2179 435 2220 snorum
448 2180 545 2237 eorpus
558 2167 712 2237 exsequitur
728 2184 734 2219 :
751 2166 796 2223 bie
808 2168 843 2221 sit
862 2165 971 2222 semodi
984 2165 1046 2221 linis

253 2253 351 2323 libelli;
362 2272 415 2328 quo
428 2267 516 2312 turrren
526 2260 677 2314 necessario
685 2273 896 2324 commonemus,
906 2258 971 2313 nibil
979 2257 1046 2314 Tra-

254 2346 374 2402 dueianis
394 2359 491 2418 practer
504 2350 694 2418 impudentiam
710 2349 887 2414 remansisse,
901 2347 964 2419 qrria
984 2363 1045 2405 eum

253 2453 284 2495 se
297 2441 487 2496 coniterentur
499 2440 599 2496 nullum
612 2442 639 2496 in
652 2441 755 2496 ratione
767 2439 867 2496 babere
879 2440 1044 2511 presidium,

253 2529 289 2584 de
309 2529 430 2600 Apostoli
448 2516 545 2594 dietis,
564 2545 623 2600 qum
645 2531 767 2601 exposita
788 2539 869 2598 sunt,
889 2538 975 2586 totum
994 2531 1045 2586 sibi

254 2621 377 2676 solatium
405 2621 575 2677 vindicabant
599 2639 606 2675 ι
631 2632 658 2677 ct
684 2623 809 2693 quoniam
835 2623 949 2689 claruit,
978 2621 1045 2678 nihil

253 2712 283 2768 in
302 2711 344 2767 bis
365 2711 503 2781 deforme,
519 2714 585 2770 nibil
600 2730 653 2770 non
674 2716 807 2771 sanctitati
820 2724 848 2771 ct
860 2716 956 2770 rationi
977 2728 1045 2770 cun-

253 2805 373 2861 sentiens
386 2803 467 2862 inisse
489 2809 691 2878 praescriptum
707 2817 817 2878 apparet
837 2806 968 2863 cecidisse
981 2821 1045 2862 sen·

254 2899 386 2969 tentiam,
410 2915 489 2970 quam
512 2909 539 2956 et
559 2901 628 2955 ratio
647 2916 707 2955 euru
729 2902 820 2956 multis
842 2899 1046 2957 auctoritatibus

255 2991 464 3061 scripturarum,
484 3000 511 3047 et
524 3007 583 3064 quae
596 2993 625 3047 in
637 2993 694 3049 lieo
709 2991 746 3065 (u)
762 3000 822 3060 est,
843 2992 936 3063 religio
945 2991 1046 3048 Catlro·

253 3081 366 3139 ltecrum
390 3083 513 3154 proruit,
527 3091 555 3139 et
574 3082 630 3154 jam
646 3085 698 3139 loci
712 3084 790 3140 istius
804 3083 894 3154 opinio
909 3099 962 3139 non
986 3091 1044 3141 tuc-

254 3181 298 3231 tur
316 3173 338 3230 ⁸.

288 3267 357 3325 Auc.
373 3268 491 3339 Apparet
503 3266 627 3323 omnibus
639 3266 685 3340 qui
698 3282 764 3324 sano
774 3268 861 3339 eapite
874 3276 953 3341 atque
966 3268 1045 3326 intel·

252 3360 367 3431 ligenter
386 3359 444 3417 lutee
464 3360 571 3432 legunt,
592 3375 654 3416 eum
667 3368 761 3416 contra
774 3360 872 3428 rerba,
888 3376 942 3417 non
962 3362 1046 3432 magis

253 3466 329 3519 mea,
345 3467 424 3523 quam
443 3453 513 3508 beati
528 3453 664 3523 Apostoli,
679 3454 764 3509 multa
785 3462 829 3510 tua
844 3454 965 3523 diceres,
980 3455 1047 3511 nibil

252 3553 282 3600 te
302 3544 436 3600 invenisse
456 3546 526 3617 quud
542 3546 664 3611 dicercs;
678 3557 705 3602 et
718 3555 837 3603 tortuoso
858 3547 1046 3618 strepitu⁸lo=

285 3710 376 3785 'W’
387 3714 411 3761 et
425 3710 497 3775 pletru
514 3709 643 3763 cernitur
653 3714 697 3762 est.
709 3712 868 3774 ttanusulptl,
880 3708 1048 3774 amomum

253 3778 404 3905 wffi'uess‘:
415 3834 475 3885 mitt
484 3847 551 3895 reru,
563 3842 664 3898 meone
674 3834 739 3900 cuod
750 3838 861 3885 emtestu
871 3834 986 3886 oruts'orrr's
996 3835 1049 3898 ejrrs

253 3902 445 4028 wcuffa't’tagst
457 3958 524 4015 editi,
542 3958 626 4023 rcdpio
636 3958 812 4009 cumbrorum
830 3957 980 4023 perarmet
992 3958 1049 4022 jorn

254 4016 333 4068 iocum
342 4031 422 4081 optino
433 4031 480 4068 non
491 4025 578 4069 tuetur.

589 391 713 451 orbitis
731 389 936 454 monusculi
954 387 1089 448 CONTRA
1109 384 1289 456 ttttttttttlt,
1307 385 1338 442 S.
1359 383 1541 448 Auudstud

1684 381 1688 390 .

1683 395 1686 414 '
1814 389 1888 453 litt

1097 503 1236 575 quseimtis
1255 503 1357 574 egisse,
1372 511 1401 558 ut
1420 502 1460 560 eis
1479 503 1524 576 qui
1537 515 1591 560 non
1603 499 1768 578 intell'aeuut,
1781 504 1887 568 dixisse

1096 597 1195 668 aliquid
1214 596 1352 654 uidereris.
1367 595 1460 654 Velitis
1480 597 1587 666 nolitis,
1601 597 1653 654 Per
1664 615 1744 656 aum
1757 600 1887 660 Ιιοιιιίιιιιιι

1096 699 1226 761 peccatam
1236 689 1337 746 intrauit
1350 689 1376 744 in
1388 689 1517 757 numus,
1533 699 1557 744 ct
1567 706 1612 763 pa
1621 701 1752 764 pessuma
1764 709 1852 761 motu
1863 703 1888 750 et

1096 781 1132 836 ito
1146 781 1173 836 in
1185 797 1269 838 omncs
1279 781 1391 838 demost
1400 782 1545 854 pertransiit
1556 781 1643 854 {dorm
1656 798 1684 852 r,
1695 783 1751 856 li).
1763 783 1834 854 Ouid
1846 793 1889 842 est

1096 874 1142 944 itu,
1157 873 1208 930 nisi
1220 889 1269 946 per
1281 881 1429 946 peccatum,
1443 891 1497 932 non
1507 877 1565 932 sine
1577 877 1703 948 peccato?
1711 875 1803 949 Neque
1814 879 1890 936 enim

1096 969 1272 1040 pertransiret
1287 983 1377 1037 mors,
1393 971 1444 1028 uisi
1456 970 1569 1028 ducante
1581 979 1690 1044 pecamu
1706 988 1713 1026 ι
1729 987 1804 1030 mors
1814 975 1891 1031 enlm

1097 1069 1235 1130 pessulum
1247 1061 1384 1134 sequitur,
1400 1075 1453 1118 uon
1466 1061 1602 1134 praecedit.
1616 1063 1683 1122 ilinc
1695 1065 1777 1121 sunt¹
1792 1080 1891 1124 omnes

1096 1151 1211 1207 miseriae
1224 1151 1376 1208 mortalium
1386 1153 1453 1208 udis
1463 1154 1545 1208 euitat
1558 1155 1590 1209 dc
1598 1161 1682 1211 mnne
1690 1157 1778 1212 matris
1787 1172 1890 1225 cornus,

1097 1245 1167 1302 sieut
1179 1246 1306 1315 scriptum
1327 1254 1369 1301 est
1389 1245 1482 1319 (Ereti.
1497 1263 1546 1314 xe,
1564 1249 1601 1319 l).
1615 1247 1687 1316 Quas
1700 1250 1824 1308 miserias
1839 1265 1893 1308 ros

1097 1352 1158 1394 cum
1170 1338 1228 1394 siue
1242 1338 1296 1394 ullo
1314 1347 1422 1409 peccato
1435 1341 1556 1396 accidere
1567 1341 1655 1399 dicitis
1664 1345 1801 1415 pernulis,
1815 1346 1892 1418 inju-

1097 1439 1167 1487 stum
1181 1432 1264 1488 ileum
1277 1447 1339 1488 rere
1351 1435 1418 1488 ros¹
1432 1432 1534 1502 iacitis;
1549 1433 1709 1492 llauicbeos
1719 1445 1810 1494 autem
1823 1438 1892 1496 bur-

1097 1521 1356 1592 ribiliteradjuratts.
1365 1521 1495 1592 lllienim,
1505 1523 1779 1598 neiaeiantinJustum
1789 1528 1888 1596 Deuxm

1097 1611 1161 1668 istas
1175 1613 1296 1668 miserias
1309 1627 1325 1667 a
1340 1613 1478 1670 nativitate
1496 1614 1647 1671 mortalium
1659 1616 1819 1674 immutabili
1839 1635 1893 1675 na·

1096 1711 1164 1758 turae
1178 1705 1241 1759 mali
1254 1713 1282 1760 et
1290 1704 1324 1760 ab
1337 1705 1390 1760 sliu
1403 1705 1533 1776 principio
1544 1707 1661 1763 venienti
1674 1707 1832 1765 substantia
1842 1709 1895 1766 tri-

1096 1793 1182 1850 buunt
1203 1793 1371 1851 tenebrarum
1388 1814 1395 1850 :
1411 1811 1478 1868 quos
1500 1797 1596 1870 impios
1609 1797 1689 1854 simul
1708 1807 1735 1855 et
1747 1814 1796 1856 ros
1815 1801 1894 1872 ipsos

1097 1886 1180 1942 vincit
1190 1886 1319 1943 catlober
1330 1887 1406 1956 tides,
1415 1903 1475 1960 que
1487 1887 1536 1944 ista
1548 1889 1637 1945 onrnia
1648 1891 1778 1960 peccato⁸
1792 1891 1832 1947 illi
1843 1893 1894 1948 tri-

1096 1977 1164 2046 buit,
1173 1977 1242 2048 quod
1255 1979 1374 2049 exprimi
1385 1979 1644 2038 bominisvuluntate
1653 1981 1762 2037 intrarit
1772 1982 1799 2038 in
1810 1997 1895 2040 muu-

1097 2069 1160 2124 dum
1176 2087 1183 2123 :
1199 2069 1270 2142 quod
1291 2083 1381 2128 secuta
1396 2082 1437 2129 est
1449 2087 1522 2130 mors
1534 2074 1614 2130 etiam
1627 2073 1695 2142 ista,
1710 2090 1770 2148 uuas
1793 2075 1893 2148 tegam

1097 2164 1222 2231 animam,
1237 2179 1334 2236 corpus
1345 2165 1491 2232 interimit;
1505 2181 1585 2239 quam
1599 2181 1648 2224 rus
1659 2167 1771 2237 bomini,
1783 2170 1895 2227 etiamsi

1097 2269 1150 2310 nuo
1163 2263 1308 2326 peccasset,
1318 2255 1406 2313 dicitis
1418 2257 1574 2316 naturaliter
1583 2257 1824 2316 luisserenturam.
1834 2261 1894 2318 Un-

1097 2347 1131 2404 de
1139 2350 1267 2421 sequitur,
1277 2358 1306 2406 ut
1316 2364 1369 2406 non
1379 2349 1464 2407 solum
1473 2351 1544 2408 illurn
1557 2353 1727 2422 imperiosam
1736 2352 1890 2423 libidinem,

1085 2459 1148 2514 ‚qua
1159 2444 1268 2499 nimium
1279 2444 1463 2511 delectamini;
1477 2446 1659 2502 verumetiam
1671 2447 1893 2504 molestissimam

1097 2538 1217 2607 febrem,
1231 2547 1396 2610 caurusque
1417 2538 1626 2598 innumerabiles
1649 2539 1894 2611 morbos,t1uibus

1097 2633 1217 2689 videmus
1228 2631 1341 2690 alilietos
1355 2633 1477 2703 parrulos
1491 2633 1592 2698 emori,
1605 2633 1634 2688 iu
1648 2631 1772 2704 paradiso
1784 2631 1894 2689 iuturus

1097 2723 1180 2780 luisse
1200 2723 1310 2792 dicatis,
1334 2724 1438 2780 etiamsi
1461 2737 1540 2780 numo
1555 2729 1709 2794 peccasset;
1733 2723 1893 2794 quintine*

1097 2817 1177 2874 ullius
1189 2817 1290 2887 peccati
1300 2817 1396 2872 meritc
1407 2816 1463 2872 baec
1477 2817 1578 2886 perpeti
1590 2817 1715 2887 parvulos
1726 2816 1825 2872 dicitis.
1839 2815 1895 2874 Co-

1098 2911 1186 2968 bibete
1199 2927 1264 2979 vos,
1277 2925 1384 2983 quaeso,
1397 2925 1458 2966 cum
1471 2909 1544 2966 ialsis
1562 2918 1590 2966 et
1600 2909 1693 2980 {noxiis
1711 2907 1835 2965 laudibus
1846 2925 1896 2966 ve-

1097 3005 1178 3070 stris;
1191 3002 1314 3060 cohibete
1325 3017 1374 3059 ros
1386 3002 1419 3058 ab
1433 3001 1577 3058 infantibus
1591 3011 1619 3057 et
1632 3001 1806 3070 lactentibus,
1822 3017 1895 3072 quos

1098 3105 1224 3166 tanquam
1245 3094 1311 3150 nibil
1325 3094 1388 3150 mali
1402 3093 1545 3162 babentes,
1559 3093 1662 3150 crudeli
1683 3108 1776 3150 errore
1796 3093 1895 3150 lauda-

1099 3189 1133 3245 tis
1148 3206 1155 3242 :
1171 3184 1204 3243 ad
1225 3185 1360 3243 Christum
1371 3183 1542 3241 liberatorem
1555 3185 1647 3241 rerrire
1661 3183 1813 3241 liberandos
1825 3200 1894 3256 par-

1098 3282 1174 3337 rulos
1187 3280 1283 3347 sinite;
1306 3278 1429 3335 miseram
1442 3286 1582 3345 naturam,
1595 3293 1675 3349 quam
1687 3278 1789 3334 vitiavit
1808 3278 1896 3335 bomo

1099 3378 1217 3449 primus,
1241 3382 1271 3431 ut
1283 3383 1359 3431 sanet
1372 3373 1453 3431 bomo
1473 3371 1623 3437 secundus,
1638 3370 1701 3428 vieti
1721 3370 1894 3443 correctique

1099 3470 1244 3542 permittite
1258 3467 1280 3522 ⁵.

1131 3582 1274 3658 ¹rditi,nic
1288 3575 1897 3640 nmmustss.,sineuuu,·xbsquenegante

1099 3644 1223 3767 pugnaui&
1233 3718 1314 3758 uano
1322 3716 1370 3756 cos.
1382 3705 1465 3767 Aptius
1472 3708 1537 3762 tiss,
1547 3712 1603 3777 uere
1613 3712 1663 3751 troc.
1706 3762 1712 3774 ·

1132 3771 1179 3846 ⁸tn
1191 3770 1271 3829 editis,
1281 3773 1389 3841 peeeotn
1401 3775 1432 3817 ux
1442 3772 1775 3838 mauusuxpuseoruexsmus,
1784 3766 1896 3825 musto.

1131 3829 1638 3949 :Oloculstsenffideldetreffirelfibllotbeen
1656 3896 1721 3935 nuuc
1738 3884 1896 3944 mlberdnae,

1100 3958 1198 4015 desinit,
1210 3956 1277 4005 linito
1288 3954 1394 4003 secundo
1405 3905 1467 4001 iero
1482 3950 1627 4011 subjiciens:
1642 3945 1696 4011 repr·
1705 3958 1780 3997 nonus
1790 3946 1896 4017 martius

1101 4028 1181 4069 ltmntr
1192 4015 1405 4068 contrectationum
1416 4009 1555 4064 decreticum
1566 4008 1728 4073 leonianum.
1746 4015 1765 4057 Ε
1800 4008 1852 4058 best
1865 4004 1899 4058 lt·

1102 4080 1144 4131 ber
1155 4080 1282 4130 merendre.
1294 4078 1372 4125 verbu
1382 4084 1439 4127 suut
1450 4074 1514 4123 iliss
1530 4074 1628 4121 tersitae
1641 4069 1731 4121 ωῑιιιιιο
1790 4076 1840 4132 pta,
1852 4072 1898 4132 qui

285 4080 382 4137 tenisi,
394 4079 644 4143 ettotooosstreptttt.
657 4082 1029 4145 emendanturanrtnusoriptls.
1522 4136 1526 4145 Ι

1102 4142 1228 4207 exemplar
1239 4140 1298 4191 illud
1309 4141 1388 4203 ipsum
1398 4140 1548 4200 recognovit.

285 4141 322 4204 (u)
339 4148 416 4203 torte,
426 4140 452 4191 t'tt
463 4150 549 4193 Detort

753 4349 987 4457 LIBER
1028 4343 1382 4457 TERTIUS.

285 4514 408 4563 excutitur
419 4515 506 4563 tertirrs
516 4512 579 4563 liber
589 4510 688 4563 tuliani:
697 4524 726 4563 ao
736 4514 839 4575 primurn
850 4512 985 4563 ostenditur
996 4525 1062 4573 eun,
1074 4514 1247 4587 seripturarum
1257 4510 1409 4569 testimouis,
1426 4510 1606 4561 oeutemnoruii
1617 4506 1711 4583 scilicet
1727 4503 1806 4613 cupite
1823 4503 1900 4569 rige-

256 4576 315 4624 slmo
326 4580 420 4637 quum,
433 4574 488 4624 libri
500 4582 590 4637 degum
601 4575 680 4637 quarti
691 4576 770 4637 eapite
781 4574 875 4624 decium
885 4581 970 4637 quarto
981 4581 1007 4623 et
1018 4574 1146 4625 medicus
1154 4577 1232 4637 mrito
1241 4574 1335 4625 decimo
1347 4578 1431 4621 demto
1446 4586 1564 4635 perverse
1574 4572 1650 4629 abuti,
1668 4572 1696 4617 ut
1704 4578 1748 4617 sua
1766 4578 1810 4615 ere
1819 4578 1901 4639 eene

254 4642 303 4695 tur,
319 4642 447 4697 parentum
458 4644 556 4698 peccata
567 4634 621 4686 tiliis
631 4649 679 4686 nou
690 4650 704 4685 a
715 4642 764 4685 tteo
774 4634 824 4685 ulia
832 4636 952 4699 imputari.
969 4642 1049 4699 ipsum
1059 4636 1148 4687 deiude
1161 4638 1278 4687 iumssum
1298 4634 1417 4691 lslsurare
1430 4640 1458 4685 ut
1468 4635 1500 4684 ab
1511 4646 1542 4684 eo
1560 4646 1588 4685 se
1600 4631 1707 4694 explicet
1722 4627 1775 4677 locu
1785 4627 1901 4701 ltprstolae

254 4697 285 4747 ad
296 4697 418 4757 tlclsraeos,
430 4699 510 4759 cupite
520 4698 654 4757 undecimo,
667 4712 711 4761 per
721 4711 795 4761 quem
807 4699 942 4749 evertenda
951 4699 1015 4749 iuret
1026 4701 1158 4760 responsio,
1170 4712 1218 4763 qua
1229 4700 1253 4747 in
1264 4698 1391 4761 superiore
1412 4696 1475 4746 libro
1490 4703 1619 4761 tantopere
1636 4691 1771 4746 inculcent
1784 4689 1858 4764 'ideo'
1867 4693 1902 4765 ²¹?

255 4756 368 4830 apostolo
377 4758 467 4807 dictum
483 4772 540 4808 csse
552 4772 633 4819 murno,
643 4773 688 4821 per
699 4773 772 4823 quem
783 4762 893 4811 transisit
902 4768 1036 4823 peccaturas,
1049 4772 1082 4809 ne
1111 4763 1219 4811 encratis
1229 4762 1353 4810 sineretur
1363 4756 1475 4821 intelligi.
1489 4764 1571 4808 Postea
1587 4752 1755 4827 reuersumuad
1767 4750 1829 4801 druia
1841 4750 1902 4825 lrbrr

255 4818 356 4869 secttrrdr
367 4820 399 4868 de
407 4821 498 4881 nuptiis
509 4826 536 4868 et
546 4822 749 4883 concupiscentia,
760 4822 844 4886 inique
853 4834 930 4886 agere
940 4834 996 4872 mun
1009 4774 1138 4893 augusOno
1151 4823 1263 4871 cumdem
1274 4820 1401 4879 tulimum,
1415 4820 1457 4881 oui
1468 4821 1499 4869 ab
1508 4818 1552 4869 illo
1561 4826 1587 4869 et
1596 4816 1701 4867 bominis
1711 4816 1816 4863 liberum
1833 4815 1902 4863 arbr-

255 4882 329 4929 triuur
341 4888 367 4930 et
377 4888 454 4930 benun
465 4882 617 4931 nascentium
626 4883 775 4933 eondiwrem
786 4888 881 4946 negari,
892 4884 975 4934 denuo
984 4890 1109 4947 querutum
1123 4886 1213 4947 (piique
1225 4884 1324 4945 insuper
1334 4896 1388 4933 erun
1403 4882 1467 4931 illius
1477 4882 1548 4931 dictis
1558 4879 1697 4931 hereticam
1707 4875 1835 4941 quandum
1853 4882 1902 4925 lta-

255 4940 340 4990 niebaei
353 4941 478 5003 epismlam
488 4954 635 5005 conspersus,
647 4958 694 4992 non
702 4941 748 4993 alia
757 4958 830 5009 quam
839 4958 896 5008 quae
905 4946 969 5019 apud
979 4945 1131 4995 ttamebaeum
1143 4946 1266 5009 leguntur,
1276 4950 1473 5007 argumentorum
1482 4944 1536 4993 ricc
1548 4941 1663 5007 objectari
1672 4954 1686 4990 a
1696 4944 1778 5001 sancto
1784 4944 1901 5000 bonore,

255 5004 287 5052 ub
297 5016 379 5066 eoque
390 5004 491 5066 perinde
501 5011 575 5067 atque
583 5016 598 5053 a
607 5006 734 5055 banirbaeo
742 5014 852 5056 naturam
861 5008 984 5057 bommrrm
994 5006 1081 5057 malam
1092 5008 1239 5070 pronuntiari
1250 5005 1416 5055 mlumniatur.

296 5218 316 5273 i.
336 5214 474 5272 dustanus.
497 5212 657 5285 Oportuerat
682 5215 788 5286 quidem
814 5216 884 5286 apud
904 5216 1049 5273 humanum
1101 5228 1132 5269 ac
1153 5214 1315 5284 poenitentiae
1342 5214 1494 5285 prnsidirrm
1519 5212 1610 5268 rediri.
1641 5208 1800 5279 Oportuerat
1824 5222 1904 5267 certe

261 5324 346 5383 genus
361 5308 539 5364 reverentiam
555 5309 673 5363 omnium
686 5308 776 5379 rigere
797 5312 922 5364 uirtutum
942 5326 949 5364 :
970 5322 1050 5376 opor·
1103 5308 1144 5365 rel
1159 5308 1185 5362 in
1201 5308 1251 5363 boe
1265 5307 1442 5363 inviolabilem
1457 5308 1505 5362 bei
1523 5318 1631 5359 manere
1647 5304 1842 5369 reverentiam,
1867 5314 1899 5360 ut

258 5410 344 5458 tuerat
365 5400 454 5457 resisti
473 5402 586 5473 sapienti
609 5402 741 5472 semper¹
760 5408 852 5457 mente
872 5401 1047 5467 criminibus,
1103 5417 1156 5459 non
1170 5402 1246 5457 nobis
1261 5414 1332 5457 esset
1344 5416 1453 5457 necesse
1467 5400 1583 5456 divinans
1598 5401 1686 5471 legent
1708 5408 1783 5458 tauto
1807 5402 1900 5457 rinct-

257 5502 284 5549 ct
291 5490 423 5548 demereri
434 5491 511 5547 bunis
522 5492 617 5547 studiis
628 5490 779 5548 Cotiditoris
791 5493 906 5548 invorenr
920 5511 926 5547 :
940 5493 1048 5563 dignum
1103 5512 1166 5551 care
1180 5496 1325 5551 certamine
1339 5496 1348 5527 ¹
1364 5514 1371 5550 :
1387 5510 1480 5551 verunt
1496 5494 1557 5566 qrria
1572 5510 1604 5553 eo
1619 5510 1703 5567 usque
1727 5497 1900 5566 peccantium

257 5595 316 5641 erat
329 5592 476 5655 postremo,
489 5591 520 5638 ut
533 5584 594 5655 quia
608 5584 652 5638 bic
665 5584 800 5640 continue
813 5583 961 5641 devotionis
975 5585 1050 5653 prior
1103 5588 1193 5642 lurore
1221 5595 1375 5658 perventum
1405 5594 1456 5651 est,
1472 5596 1501 5641 ut
1527 5587 1637 5641 summis
1657 5587 1793 5642 laboribus
1813 5588 1901 5645 ltcrrm

257 5684 287 5733 et
297 5676 400 5732 ielieior
412 5676 510 5749 padus
522 5692 583 5732 cum
595 5691 682 5741 rarus,
697 5687 752 5731 tum
765 5678 864 5733 arduus
873 5677 954 5733 ctiam
970 5677 1049 5733 nimis
1100 5682 1202 5755 justum
1215 5696 1274 5737 esse
1286 5682 1438 5746 doceamus,
1452 5683 1536 5751 ipsius
1548 5680 1669 5751 iustitim,
1685 5682 1762 5752 cujus
1772 5698 1854 5738 eausa
1866 5700 1898 5739 a·

257 5769 382 5837 videtur,
395 5768 439 5825 vel
453 5766 499 5825 diu
513 5765 643 5825 icteritia
656 5770 756 5840 respui,
772 5777 799 5825 et
809 5768 843 5823 ad
856 5768 1049 5831 etneudtttiunis
1102 5776 1172 5847 gitur
1193 5782 1384 5845 praesumentes
1396 5774 1521 5829 auxilium
1535 5815 1542 5837 ‚
1564 5790 1622 5845 quse
1634 5776 1703 5831 libro
1725 5778 1902 5845 pretiossimus

289 5878 892 5947 smmmfflmm.
1136 5882 1299 5944 ¹tiznerius,
1307 5879 1508 5933 dissentientibus
1518 5883 1694 5945 manuscriptis.
1713 5878 1829 5937 absiste.
