4009 6375
232 500 341 545 eramus
352 492 421 541 sucat
433 490 648 550 assumentem
661 480 739 540 audis
751 480 835 539 semel
848 496 897 552 pro
909 478 1027 551 peccatis

234 558 335 615 nostris
349 563 483 612 mortuum
501 554 603 627 justum
617 570 667 626 pro
682 554 798 625 injustis,
813 562 842 607 ut
856 566 906 609 nos
917 550 1029 609 offerret

233 628 300 695 Deo,
315 627 402 695 idest,
418 636 528 697 peceato
541 625 647 681 exsules
661 633 799 681 reuocaret
808 624 842 679 ad
853 624 936 679 ileum
946 641 953 677 a
963 632 990 677 et
999 623 1027 679 iu

231 700 351 757 tenebris
375 698 546 754 conscientiae
562 705 614 752 ture
631 704 748 751 tractans
770 704 877 752 eructas
902 693 1025 761 nebulas,

232 772 329 843 quibus
341 770 431 826 lumen
445 783 539 825 rerum
557 776 657 823 tetrare
668 767 677 798 ¹
688 766 805 833 eonarls,
820 774 849 822 et
861 766 928 823 dieis
948 780 1027 837 posse

233 838 370 903 bominem
386 854 433 909 per
446 840 557 895 liberum
573 838 730 902 arbitrium,
745 846 871 906 tanquam
885 852 932 907 per
947 852 976 893 se
991 837 1028 893 sit

231 906 354 978 idoneus,
374 910 563 981 implerequod
579 908 661 964 uelit?
675 908 845 979 idemipsum
859 918 901 964 est
913 909 984 963 enim
998 918 1028 964 et

230 978 297 1040 illud
313 983 383 1055 quod
397 982 519 1053 flagitatis
528 994 594 1037 voce
608 980 742 1049 superba:
761 998 772 1033 ι
786 979 814 1035 Si
826 980 903 1045 uolo,
919 990 1028 1036 sanctus

230 1068 307 1121 sum;
322 1054 345 1110 sl
359 1055 430 1117 uolo,
447 1068 545 1124 pecco;
561 1052 583 1107 si
595 1052 656 1107 volo
670 1053 691 1119 ¹,
707 1066 760 1106 uon
775 1066 886 1121 precetur
902 1050 972 1107 Nibil
983 1051 1025 1105 vi-

231 1124 331 1182 delicet
343 1124 414 1180 aliud
429 1123 548 1180 astruitis
566 1123 615 1178 ista
628 1122 759 1189 diceudo,
774 1123 842 1189 uisi,
860 1132 887 1177 ut
902 1121 1038 1193 superius-

227 1196 284 1267 ]am
294 1197 394 1252 dietum
407 1205 458 1261 est,
471 1192 592 1250 Christus
603 1194 713 1249 verricus
724 1194 788 1248 nihil
802 1192 877 1249 nobis
891 1194 1025 1264 praestitit,

229 1268 408 1334 nilrilsolutis,
417 1265 611 1334 nilriledjutoril
620 1264 740 1331 eontulit,
753 1264 958 1331 marseiusnibil
967 1280 1028 1333 pro-

229 1336 374 1405 luitnotus,
386 1338 458 1393 salus
472 1346 559 1392 nostra
568 1336 915 1395 naturalisestrrobis.Talla
928 1334 1025 1404 predi·

230 1410 354 1467 cantibus
367 1409 433 1464 lides
446 1407 577 1463 catholica
590 1406 655 1462 dicit
668 1406 808 1461 anatliema
825 1424 831 1461 ε
853 1407 938 1463 eredit
952 1409 1024 1461 enirn

229 1481 302 1551 quod
316 1482 387 1537 salus
402 1479 516 1535 lrorniuis
538 1493 572 1534 ex
587 1478 642 1533 Deo
656 1477 691 1531 sit
703 1476 823 1533 Christus
838 1477 859 1544 ¹,
873 1476 947 1548 cujus
963 1478 1024 1532 uul-

229 1567 295 1608 nere
309 1552 420 1607 liberum
432 1558 550 1605 nostrum
564 1558 673 1603 curatur
682 1557 709 1603 ct
718 1546 1023 1605 reiorrnaturarbitriuro

229 1625 413 1690 uulneratum,
429 1622 474 1692 qui
485 1634 594 1675 auersos
608 1636 622 1673 a
636 1634 665 1674 se
677 1619 790 1690 gratuita
804 1620 887 1689 gratia
898 1632 945 1673 sua
959 1634 1024 1675 con0

228 1694 311 1750 uertit
320 1695 353 1749 ud
364 1710 402 1758 so,
419 1702 446 1749 et
460 1702 488 1747 ut
498 1693 551 1746 lleo
565 1692 686 1760 placeant
697 1689 821 1759 oporibus
834 1690 919 1753 bouis,
931 1706 1024 1762 opera·

227 1770 273 1821 tur
290 1766 316 1820 in
332 1766 371 1820 eis
384 1774 410 1819 et
424 1764 492 1819 velle
506 1772 533 1818 et
552 1777 632 1832 posse
648 1779 654 1813 :
678 1776 790 1832 quorum
811 1776 917 1815 cursum
933 1761 958 1816 in
971 1760 1023 1816 bac

226 1835 280 1890 rita
293 1846 403 1907 propter
413 1835 528 1889 suturam
543 1848 632 1887 veram
647 1832 740 1893 uitare,
756 1830 938 1887 misericordia
952 1848 1021 1901 prm-

224 1907 360 1961 venlendo
372 1916 400 1962 et
412 1904 598 1977 subsequendo
610 1904 716 1973 perlicit
729 1904 796 1971 ipse.
814 1903 894 1973 igitur
907 1902 1022 1959 liberum

217 1976 366 2034 rlrbitrium
389 1977 541 2031 bominibus
561 1990 638 2040 esse,
663 1982 736 2030 certa
755 1973 806 2029 lide
821 1972 970 2041 eredimus,
991 1982 1021 2030 et

124 2056 126 2063 ⁴
220 2048 402 2121 ‘Jraedicamus
418 2048 608 2103 indubitanter.

261 2118 376 2176 CAPUT
391 2118 512 2174 lib-t.
526 2117 579 2174 Sed
589 2132 638 2173 cur
647 2116 760 2172 liberum
770 2116 873 2172 dicatur
882 2115 1019 2185 abitrium,

225 2198 267 2245 est
278 2191 414 2261 paululum
427 2188 622 2245 disserendum.
637 2186 782 2243 Arbitrium
793 2186 895 2243 scilicet
906 2188 939 2242 ab
949 2188 1021 2243 arbi·

225 2262 323 2317 trando
338 2261 461 2317 rationali
472 2259 695 2324 consideratione,
706 2257 748 2313 rel
763 2258 940 2313 discernendo
954 2258 1019 2328 quid

224 2332 322 2403 eligat,
355 2333 433 2388 aidus
453 2340 575 2394 recuset,
602 2340 666 2399 pato
687 2329 758 2400 qnod
780 2343 877 2385 nomen
891 2330 1017 2399 accepit:

224 2400 287 2459 ideo
299 2402 311 2435 ⁴
325 2348 438 2464 liirerum
454 2402 572 2463 dietum,
592 2399 664 2469 quod
679 2400 705 2453 in
727 2414 775 2455 sua
789 2400 824 2454 sit
836 2399 952 2470 positum
968 2416 1019 2471 po·

223 2482 331 2540 testate,
344 2474 445 2529 babens
457 2472 552 2543 agendi
563 2470 635 2541 quod
646 2470 709 2525 uelit
723 2470 935 2540 possibilitatem,
946 2473 1019 2542 qnod

223 2552 266 2599 est
278 2545 366 2600 uitalis
380 2554 407 2598 et
417 2543 554 2599 rationalis
566 2541 662 2597 atrimae
677 2549 774 2597 raotus.
786 2538 838 2597 Sed
852 2541 1018 2612 hujusmodi,

223 2624 254 2669 ut
276 2625 338 2670 auto
353 2616 409 2685 jaun
423 2614 492 2679 dixi,
511 2614 558 2669 luit
580 2612 732 2667 indumine
754 2611 936 2682 protoplasto,
956 2629 1017 2669 cum

223 2701 287 2741 ante
300 2696 438 2757 peceatum
457 2695 578 2740 inaneret
591 2683 698 2738 illaesus.
719 2682 778 2739 Nou
791 2684 862 2738 eninr
884 2700 932 2753 per
945 2685 1018 2740 aliud

223 2758 359 2812 contraxit
378 2756 524 2821 offensam,
541 2755 590 2811 nisi
607 2770 655 2825 per
672 2753 697 2809 id
711 2769 764 2824 quo
787 2754 798 2787 ⁸
812 2755 907 2825 potuit,
924 2772 957 2813 oe
969 2754 1018 2811 de-

222 2826 376 2897 linqueret,
391 2829 518 2883 resistere
532 2824 663 2882 suadenti.
686 2825 737 2880 Per
750 2826 819 2881 uelle
839 2841 902 2896 ergo
915 2827 1018 2882 malum

222 2907 296 2953 reate
310 2898 425 2969 perdidit
436 2913 515 2967 posse
530 2896 638 2960 bonum,
656 2896 699 2966 qui
712 2911 847 2966 perpesse
859 2896 958 2951 bonurn
969 2914 1019 2968 po·

222 2968 274 3025 tuit
288 2970 395 3025 uincere
416 2968 485 3025 uelle
504 2968 613 3023 maium.
627 2967 711 3033 Quem
730 2966 801 3035 iuste
814 2967 951 3039 lleusjam
969 2968 1017 3025 de·

222 3040 287 3094 licto
306 3042 440 3111 captiuum
454 3040 582 3095 voluntati
602 3038 752 3107 depravatae
774 3039 893 3105 dimisit,
912 3049 941 3095 nt
958 3038 1017 3095 baec

222 3110 310 3167 cidem
330 3122 401 3167 essm
420 3126 498 3182 poerra
519 3111 547 3168 iu
567 3124 619 3165 aon
640 3108 761 3165 iaciendo
780 3109 850 3179 (quod
865 3110 949 3178 velit,
970 3112 1016 3181 qui

222 3199 331 3254 semper
341 3184 362 3239 si
378 3184 434 3239 Deo
445 3184 537 3240 luisset
549 3181 687 3244 obediens,
703 3180 827 3236 sufficere
836 3180 968 3253 potuisset
981 3182 1015 3238 ad

221 3255 413 3311 omnebonum
427 3255 498 3324 (quod
511 3253 647 3310 vrrluisset.
664 3251 760 3307 llalum
774 3253 865 3324 utique
878 3253 947 3308 veile
963 3270 1017 3309 raon

221 3339 257 3380 ex
276 3335 378 3381 araturae
396 3343 452 3382 suus
464 3325 617 3380 conditione
633 3324 701 3380 bona
721 3323 827 3386 babuit,
845 3332 970 3394 tarrqnam
981 3341 1016 3380 ex

221 3397 364 3465 congenito
383 3398 467 3461 irralo,
483 3406 513 3452 ut
531 3395 692 3450 llaaielraeus
710 3394 809 3461 credin
830 3393 878 3450 sed
897 3409 931 3450 ex
945 3395 1016 3452 acci-

221 3465 295 3522 denti
309 3467 441 3524 desiderio
457 3481 538 3536 prauo
552 3466 684 3534 concernit,
696 3463 819 3520 uidelicet
831 3480 903 3533 cum,
918 3475 948 3522 ut
957 3465 1015 3537 jam

221 3538 344 3606 superius
354 3539 419 3605 dixi,
432 3540 464 3595 ad
477 3537 690 3593 manducandum
699 3535 809 3591 uetitum
820 3536 931 3606 lignum,
942 3537 1015 3608 quod

221 3609 295 3664 nolle
308 3607 410 3674 debuit,
424 3624 564 3666 assensum
580 3607 707 3676 serpenti,
722 3605 748 3660 id
763 3614 804 3661 est
817 3605 934 3676 diabolo,
945 3623 1014 3678 prae·

221 3677 301 3736 buit:
322 3680 392 3748 «quod
411 3690 537 3752 tauquam
558 3695 572 3734 a
592 3677 682 3734 radice
702 3677 792 3732 uitiata
814 3678 946 3732 orutaisex
967 3678 1022 3735 illo

220 3760 280 3804 orta
294 3753 408 3806 bumana
425 3765 541 3822 propago
556 3749 699 3816 contraxit,
710 3748 812 3818 absque
825 3749 882 3803 solo
894 3747 1013 3819 cbristo,

220 3823 265 3890 qul
281 3821 396 3879 odronto
411 3823 527 3893 Spiritus
542 3820 705 3886 sanctinum
720 3818 837 3874 bernano
848 3820 961 3884 semine,
976 3836 1013 3876 ex

220 3907 302 3949 earne
312 3895 336 3948 ui
371 3895 421 3948 iuis
436 3895 520 3950 iactas
531 3890 574 3948 'est
585 3905 658 3948 uana.
671 3890 723 3946 Per
734 3899 872 3961 peceatum
885 3905 964 3962 erqo,
979 3891 1013 3946 li-

219 3961 314 4020 berum
327 3980 357 4020 ar
377 3966 464 4019 itrium
485 3963 601 4020 bominis
612 3961 797 4034 possibilitatis
807 3960 906 4018 bonum
920 3963 1013 4032 perdi·

219 4033 268 4098 dit,
284 4050 337 4090 uon
353 4051 450 4090 norrren
463 4035 645 4090 strationem.
751 4037 755 4046 ’

256 4105 282 4160 5.
304 4106 360 4169 Est,
374 4103 498 4171 fatemur,
512 4105 628 4160 liberum
638 4104 777 4159 arbitrium
787 4101 911 4158 omnibus
923 4103 1012 4160 bomi-

218 4173 309 4242 nibus,
333 4175 435 4230 babens
458 4177 564 4246 quidem
584 4173 715 4244 judicium
739 4172 860 4240 rationis,
887 4189 941 4230 non
964 4191 1012 4244 per

218 4246 291 4317 quod
306 4247 340 4301 sit
355 4247 480 4302 idoneum
493 4263 552 4316 quae
565 4245 600 4300 ad
620 4246 703 4300 Deum
718 4245 863 4313 pertinent,
878 4245 936 4302 sine
955 4246 1012 4302 ileo

218 4326 265 4373 aut
279 4317 406 4374 ineboare
423 4325 468 4372 aut
478 4327 551 4372 certe
565 4330 692 4387 peragere
706 4314 772 4369 :sed
789 4321 890 4368 mutum
905 4315 931 4370 ia
946 4330 1012 4440 ope·

216 4388 293 4444 ribus
304 4389 367 4444 ritae
380 4389 530 4459 praesentis,
546 4396 601 4442 tum
619 4384 707 4448 bonis,
731 4399 811 4456 quam
825 4382 904 4440 etiam
920 4401 961 4440 ma
974 4387 1010 4442 is.

217 4459 301 4516 Burrio
310 4460 381 4524 dico,
394 4475 453 4530 quse
465 4461 500 4516 de
510 4459 581 4515 bono
591 4457 831 4520 naturaeoriuutur,
845 4450 871 4510 id
880 4464 931 4520 est,
941 4458 1011 4514 uelle

217 4529 341 4588 laborare
363 4532 388 4586 iu
403 4546 478 4601 agro,
494 4531 564 4586 veile
579 4528 742 4585 manducare
764 4535 793 4581 et
819 4525 924 4591 bibere,
940 4529 1010 4586 uelle

216 4601 317 4658 babere
329 4603 455 4669 amicum,
471 4602 540 4658 uelle
551 4599 650 4656 babere
669 4599 833 4664 indumenta,
849 4598 916 4654 uelle
929 4597 1011 4656 iabri-

216 4689 279 4728 eure
291 4673 411 4739 domum,
428 4687 540 4730 uxorem
557 4671 626 4727 uelle
649 4670 758 4734 ducere,
783 4683 880 4737 pecora
895 4671 1008 4738 arur-irc,

216 4752 302 4798 artem
317 4743 422 4800 discere
432 4743 696 4799 diuersarumrerum
705 4739 845 4804 bonarum,
855 4740 923 4796 uelle
933 4741 1011 4812 quid-

218 4813 282 4885 quid
295 4813 394 4870 bonum
410 4815 442 4868 ad
457 4821 619 4884 praesentem
630 4816 749 4883 pertinet
760 4811 841 4864 vitam
858 4827 936 4882 :quar
950 4829 1009 4869 om-

217 4885 261 4940 nia
277 4901 330 4939 rron
352 4883 411 4939 siue
425 4886 606 4955 garbernaculo
618 4882 709 4939 divino
724 4880 881 4948 subsistunt,
908 4883 962 4938 iuro
975 4899 1010 4939 ex

216 4955 276 5022 :pso
289 4965 316 5010 et
329 4969 377 5025 per
392 4955 478 5024 ipsum
494 4965 566 5020 sunt,
576 4955 616 5010 uel
626 4969 686 5009 csso
697 4961 846 5024 etepcrunt.
859 4953 933 5009 lialis
946 4969 1010 5009 uero

216 5027 287 5094 dico,
305 5035 334 5080 ut
348 5037 399 5088 est,
411 5027 480 5082 uelle
493 5026 594 5082 idolum
606 5025 718 5089 coiere,
734 5022 802 5078 uelle
823 5021 1008 5092 laomicidiuur,

215 5099 285 5154 nelle
307 5095 466 5152 adulterium
492 5097 590 5162 iacere,
613 5111 657 5151 res
678 5095 778 5150 alienas
792 5094 860 5150 uelle
880 5093 1007 5166 diripere,

214 5167 300 5225 [leuna
314 5169 447 5222 viventem
461 5168 486 5222 ia
500 5168 596 5224 saecula
610 5167 805 5238 blasphemare,
820 5165 888 5222 uelle
898 5169 1011 5238 turpiter

214 5242 316 5306 viatere,
333 5239 401 5294 uelle
416 5238 545 5294 malelicia
565 5239 686 5306 discere,
700 5237 769 5293 uelle
782 5237 907 5292 inebriari
925 5249 952 5293 et
965 5239 1009 5293 ln-

214 5313 323 5366 xuriose
333 5310 506 5377 uiuero,uelle
515 5309 642 5382 quidquid
651 5325 704 5364 uon
717 5309 828 5364 licetrel
842 5324 894 5364 raon
903 5309 1011 5380 expedit

214 5381 331 5450 operari.
346 5381 398 5438 Sed
413 5381 462 5436 ista
476 5397 529 5437 ιιιιιι
551 5381 684 5452 pertinent
705 5381 738 5433 ad
759 5379 933 5433 substantiam
947 5381 1010 5436 vim

215 5453 364 5520 praesentis,
380 5454 442 5522 quia
458 5469 510 5508 nun
523 5461 585 5508 surrt
598 5465 613 5505 a
626 5453 697 5515 ileo;
709 5449 762 5504 imo
777 5450 845 5504 ruale
859 5449 1011 5508 desiderata

216 5525 352 5580 articulant
363 5525 444 5580 uitam
456 5539 516 5596 apum
529 5532 596 5580 esta
612 5523 676 5578 lieo.
692 5521 744 5576 lsta
758 5529 820 5576 sunt
834 5520 937 5586 aiaaaia
948 5523 1009 5578 ani-

246 5656 254 5683 ¹
268 5651 337 5713 mitt,
346 5649 482 5701 detrahere.
492 5657 522 5701 at
532 5657 597 5711 lise,
607 5651 704 5700 maure.

245 5714 256 5745 ¹
268 5724 304 5764 sic
314 5722 369 5762 uss.
379 5713 446 5769 ratiti,
459 5711 481 5763 si
490 5711 552 5764 uuio.

245 5773 362 5824 ³tusolis
373 5775 453 5832 editis,
463 5774 565 5824 cbristo.

247 5835 317 5884 ιιιιιι.
330 5841 367 5884 ir.
381 5841 407 5883 et
419 5843 482 5896 tiss,
494 5833 531 5886 uel
541 5833 605 5886 ideo.

248 5897 354 5948 ’armet
368 5902 421 5946 tiss.
442 5893 1007 5960 uertarmuetutupuensiseodexmrrquoct.

839 357 1043 423 serbumcls
1055 358 1147 419 PARS
1164 359 1280 421 roms.

1081 492 1136 533 mae
1145 478 1296 551 carnisque.
1319 494 1379 550 uuae
1392 478 1516 539 iuimicus
1528 481 1627 552 bomo,
1644 484 1673 543 id
1687 494 1731 545 est
1742 486 1881 561 diabolus,

1080 548 1245 606 dormitante
1256 550 1357 618 Adam,
1370 552 1418 609 bei
1430 552 1555 612 uidelicet
1568 568 1730 628 preceptum
1744 575 1799 617 noa
1809 580 1881 621 eou-

1079 630 1219 688 servante,
1234 623 1261 679 ia
1280 622 1365 678 libero
1384 625 1526 683 seminavit
1545 628 1657 685 arbitrio
1676 628 1797 699 (Mart.
1814 652 1866 693 xrrr

1079 690 1137 763 at),
1153 692 1299 778 inquibus
1321 695 1464 764 proclivior
1487 705 1514 753 et
1541 699 1657 767 paratior
1681 710 1722 758 est
1763 720 1824 761 aare
1849 678 1880 767 bi

1080 776 1216 891 ιιιιι
1230 719 1796 901 ιιιιιιιιιιιιιιιιιιιἕω
1813 789 1880 907 ιι

1079 914 1121 987 est
1134 852 1243 989 gladiise
1249 852 1409 975 bisiemus,
1426 908 1452 965 in
1468 909 1539 967 bunc
1559 914 1688 969 muudum
1701 861 1878 986 veltltqufiguex

1079 990 1182 1047 uirgine
1192 986 1281 1047 natus,
1295 979 1330 1034 de
1342 980 1512 1037 credentium
1532 982 1619 1039 libero
1629 986 1741 1042 arbitrio
1756 992 1876 1058 gratuita

1078 1063 1128 1103 sua
1139 1049 1223 1119 pratia
1230 1059 1360 1121 atrrputat,
1374 1051 1498 1109 idoneam
1503 1053 1530 1109 iu
1537 1052 1640 1111 eisdem
1649 1056 1683 1113 ad
1689 1057 1855 1117 medendum
1866 1066 1876 1095 ¹

1078 1123 1876 1275 m}naq}“qotsqqassresnaqwqielrueqngffiiffissfflutssq¹32

1077 1275 1158 1331 agere
1175 1264 1347 1319 uoluntatem.

1114 1332 1141 1389 6.
1161 1332 1227 1391 Nam
1236 1350 1268 1391 ea
1279 1348 1339 1391 esse
1351 1350 1433 1405 opera
1444 1335 1543 1395 diaboli
1554 1349 1583 1396 et
1592 1356 1640 1411 per
1652 1340 1791 1400 Christum
1801 1344 1873 1415 tolli,

1078 1401 1192 1460 dilectus
1200 1404 1301 1461 Christi
1310 1406 1427 1463 ioannes
1442 1410 1536 1477 probat
1549 1412 1687 1482 apostolus
1707 1414 1734 1469 iu
1748 1414 1874 1485 Epistola

1077 1488 1125 1557 sua
1139 1475 1312 1559 diceusJQui
1330 1479 1396 1603 ‘oeli
1414 1490 1602 1551 peccaremus
1618 1482 1720 1539 diabolo
1739 1495 1794 1554 est,·
1805 1504 1875 1559 qao-

1077 1562 1146 1599 nrum
1159 1546 1191 1601 ud
1201 1558 1273 1601 ιιιιιιο
1287 1548 1329 1601 diu
1347 1550 1402 1604 olus
1418 1561 1514 1621 peceat.
1535 1550 1569 1607 iu
1582 1553 1631 1609 tec
1643 1558 1763 1627 apparuit
1783 1556 1872 1616 Filius

1077 1614 1136 1682 Dei,
1151 1627 1180 1671 ιιι
1196 1618 1318 1673 dissoluat
1331 1636 1409 1691 opero
1430 1621 1526 1677 diaboii
1538 1622 1550 1696 (
1564 1622 1574 1677 l
1587 1624 1666 1680 iourx
1680 1642 1724 1690 ur,
1736 1628 1754 1684 8
1766 1625 1789 1699 ).
1801 1628 1872 1687 ltetrt

1076 1688 1359 1826 rasitata-ur
1371 1691 1872 1839 “trariarriaarram

1287 1801 1294 1814 .
1697 1786 1735 1823 oe

1076 1846 1162 1885 omues
1171 1847 1305 1901 oppressos
1316 1850 1332 1885 ιι
1343 1780 1462 1901 ἀιζῖοἱο,
1477 1837 1598 1903 quonium
1609 1836 1678 1893 Deae
1698 1849 1754 1895 erat
1772 1842 1800 1896 in
1822 1844 1871 1899 itte

1075 1899 1144 1969 (Act.
1157 1917 1185 1965 x,
1199 1900 1256 1974 58).
1271 1901 1334 1959 ltour
1345 1905 1482 1971 apostolus
1498 1907 1595 1963 Paulus
1606 1909 1639 1964 ad
1653 1908 1800 1967 Hebraeos:
1817 1914 1871 1982 Qut

1074 1986 1133 2025 ιιιιιι
1153 1972 1194 2036 sir,
1213 1973 1307 2043 inquit,
1329 1976 1449 2043 splendor
1463 1977 1551 2048 plurios
1569 1987 1592 2034 et
1616 1981 1700 2051 muru
1717 1983 1871 2041 autumare

1074 2042 1140 2111 ejrrm
1156 2047 1402 2114 portansqueonuriu
1414 2048 1487 2102 cerdo
1500 2049 1598 2104 uirtutis
1610 2067 1673 2118 suoe,
1690 2054 1871 2127 porrectionem

1073 2123 1233 2237 §secutorum
1243 2116 1348 2185 sarisas,
1361 2117 1430 2173 sedet
1443 2117 1477 2171 ud
1484 2119 1613 2175 dexterum
1625 2117 1734 2193 Patris(
1750 2124 1831 2183 lietr.
1845 2143 1868 2191 1,

1094 2185 1113 2251 ).
1124 2182 1189 2240 item
1203 2186 1229 2239 in
1243 2186 1335 2241 eadem
1349 2188 1466 2259 Epistola
1483 2208 1489 2243 :
1507 2188 1537 2247 Si
1547 2193 1613 2247 enim
1625 2194 1729 2265 sanquis
1738 2196 1869 2253 irircoraur

1072 2258 1869 2395 ziill'tardissimis‘iattlu't‘“tib

1074 2394 1177 2459 Cirristi,
1192 2400 1237 2468 qui
1253 2416 1298 2470 per
1319 2397 1446 2471 Spiritum
1460 2351 1575 2459 annitius
1592 2352 1753 2478 semetipayaiirr
1759 2354 1868 2464 mlii

1071 2466 1262 2551 irrrmoculutuna
1274 2468 1339 2552 ileo,
1357 2473 1500 2527 enruudurit
1517 2476 1695 2531 corudeatium
1708 2488 1820 2533 rourum
1831 2481 1867 2535 ut

1072 2540 1354 2693 tiribaldi
1364 2545 1866 2679 maitttaltiil‘tliimis

1071 2690 1158 2737 rrtatrs
1173 2692 1311 2752 resistens,
1333 2683 1377 2739 dic
1391 2684 1502 2741 liberum
1516 2687 1656 2743 arbitrium
1670 2690 1711 2745 sic
1723 2706 1757 2745 ex
1776 2692 1866 2748 toan

1071 2761 1224 2822 susceptum
1235 2796 1243 2818 ,
1256 2764 1285 2809 ut
1299 2754 1432 2811 medicina
1444 2756 1546 2812 Gbristi
1559 2774 1611 2815 uon
1625 2760 1756 2831 indigeas,
1804 2776 1866 2819 rso

1070 2822 1122 2905 sibi
1137 2822 1253 2905 sulliciat
1275 2826 1386 2895 lnrplere
1405 2827 1561 2911 quod'uelit.
1577 2830 1677 2912 Audis,
1702 2831 1750 2913 liei
1786 2833 1865 2890 ilium

1070 2905 1439 3037 {lliiatibmiatlil
1450 2899 1756 3029 litdtiliiisltb
1766 2904 1864 3031 illl:

1070 3052 1215 3107 oppressos
1228 3038 1378 3105 adiabolo;
1399 3040 1485 3105 audis,
1499 3042 1580 3097 uerbo
1600 3044 1706 3100 virtutis
1725 3060 1782 3101 suae
1796 3062 1864 3117 pur·

1069 3109 1202 3178 godonem
1225 3118 1394 3178 peccatorum
1408 3109 1522 3179 iecissc3
1541 3112 1635 3182 audis,
1652 3116 1780 3186 sauguine
1800 3131 1863 3184 suo,

1069 3178 1207 3236 oilerendo
1222 3195 1251 3237 se
1264 3182 1483 3238 immaculatum’
1495 3184 1708 3252 lteo,mrmdasse
1721 3189 1866 3245 eonscien-

1070 3253 1133 3333 tiam
1145 3261 1262 3333 nostram
1272 3254 1306 3309 ab
1318 3254 1444 3323 operibus
1457 3255 1568 3312 mortuis
1581 3257 1615 3312 ad
1622 3259 1793 3314 seruiendum
1806 3261 1865 3316 beo

1069 3331 1187 3378 uiuenti:
1204 3334 1231 3379 et
1244 3325 1338 3394 gratiae
1354 3325 1411 3395 ejus
1427 3325 1547 3398 ingratus
1568 3329 1703 3394 existens,
1723 3343 1819 3386 sanum
1835 3341 1864 3387 te

1069 3395 1225 3458 naturaliter
1239 3405 1316 3465 putas
1331 3395 1443 3452 liberum
1453 3396 1592 3453 arbitrium
1608 3399 1763 3470 possiderel
1773 3401 1801 3456 Si
1814 3416 1864 3458 sa·

1068 3479 1121 3521 uus
1134 3474 1176 3520 est
1188 3464 1278 3531 bomo,
1295 3477 1324 3522 ut
1335 3467 1418 3522 Adam
1433 3467 1516 3524 alico
1530 3471 1644 3538 priunum
1656 3469 1743 3526 iuerat
1753 3471 1865 3528 iustitu-

1070 3545 1122 3602 tus,
1138 3545 1175 3602 et,
1185 3545 1212 3590 ut
1221 3536 1272 3604 ais,
1282 3536 1383 3592 nullum
1394 3539 1485 3593 uitium
1496 3547 1588 3609 postea
1601 3555 1632 3596 ex
1640 3541 1684 3596 illo
1691 3541 1864 3614 delinquente

1068 3606 1202 3662 contraxit
1212 3618 1339 3671 exortus3
1355 3608 1456 3664 interro
1474 3624 1501 3675 o,
1515 3609 1611 3680 dequo
1621 3611 1668 3668 liei
1682 3611 1766 3668 Filius
1778 3629 1863 3685 appa-

1068 3693 1133 3734 rens
1146 3693 1228 3760 opera
1240 3676 1363 3734 dissoluit
1379 3626 1499 3736 diaboii?
1513 3697 1592 3752 quem
1608 3683 1820 3753 pertranseundo
1831 3696 1864 3740 et

1067 3747 1260 3804 beneiacreado
1279 3751 1381 3804 sauamt
1402 3765 1558 3821 oppressum
1580 3768 1595 3806 a
1621 3752 1746 3809 diabolol
1762 3755 1789 3809 iu
1807 3770 1864 3827 quo

1068 3820 1253 3891 purgationem
1267 3829 1436 3884 peccatorum
1447 3821 1529 3878 iceitl
1541 3823 1618 3892 eujus
1630 3825 1784 3881 emundarit
1794 3841 1865 3881 con·

1043 3934 1048 3944 .
1067 3891 1205 3947 seientiam
1219 3889 1385 3960 abopcribus
1396 3893 1508 3948 mortuis
1519 3893 1552 3948 ad
1563 3894 1732 3951 serviendum
1748 3895 1803 3952 Deo
1815 3901 1862 3953 ui-

1068 3962 1159 4018 renti?
1178 3961 1234 4016 Nisi
1248 3961 1316 4017 iorte
1340 3961 1406 4018 iaisa
1429 3962 1486 4018 bare
1505 3966 1664 4036 llpostolos,
1679 3967 1725 4036 qui
1746 3976 1810 4022 suut
1831 3967 1863 4023 in

1067 4031 1189 4088 Ecclesia
1204 4032 1335 4088 catlroliea
1348 4034 1497 4090 clarissima
1516 4035 1627 4101 lunaina,
1641 4036 1803 4108 predicasse
1818 4038 1863 4094 di-

1066 4107 1145 4168 catis,
1161 4105 1378 4173 experimentum
1392 4103 1514 4162 uidelicet
1526 4108 1756 4179 quaerentesejus,
1769 4110 1816 4181 qui
1830 4110 1862 4166 iu

1066 4173 1130 4230 eis*
1144 4175 1249 4230 locutus
1262 4185 1303 4229 est
1316 4175 1414 4230 Christi
1430 4175 1439 4247 (
1454 4176 1475 4231 ll
1487 4175 1548 4234 Gor.
1562 4193 1629 4243 xru,
1643 4179 1660 4234 ὅ
1673 4179 1693 4248 ).
1704 4180 1772 4248 Quid
1784 4181 1862 4237 euim

1066 4245 1152 4299 orbati
1163 4245 1263 4300 lumine
1274 4246 1393 4300 veritatis
1404 4261 1456 4301 uon
1467 4247 1557 4303 dicere
1569 4251 1744 4317 presumatis,
1754 4252 1799 4321 qui
1807 4268 1862 4309 aco

1066 4313 1118 4385 legi
1130 4315 1189 4383 Ilei,
1203 4331 1253 4371 nec
1268 4317 1417 4386 Prophetis,
1424 4318 1466 4372 uel
1477 4318 1736 4389 Erarrgeiioilbristi,
1745 4323 1862 4394 ejusque

1066 4387 1200 4457 Apostolis
1214 4387 1313 4462 Spiritu
1327 4387 1372 4444 Dei
1385 4389 1543 4444 canentibus
1557 4389 1669 4447 credere
1687 4381 1776 4460 uultis,
1792 4409 1861 4462 pee-

1065 4468 1126 4512 cato
1137 4457 1214 4527 primi
1224 4458 1338 4512 lrourinis
1353 4457 1499 4516 humanum
1515 4475 1600 4531 gentas
1613 4464 1726 4518 mortale
1745 4461 1860 4531 iactum,

1065 4528 1225 4599 caeterisque
1242 4529 1328 4584 libero
1342 4529 1454 4584 arbitrio
1471 4529 1617 4599 depravato
1630 4531 1774 4588 obnoxium
1787 4535 1858 4590 sul)-

1063 4600 1153 4669 jacere
1159 4601 1285 4668 peccatis,
1296 4600 1343 4655 liei
1354 4615 1460 4670 quoque
1470 4601 1606 4657 Filiuurad
1615 4602 1666 4657 boc
1671 4604 1827 4660 salvandum
1834 4607 1860 4674 ⁸,

1065 4671 1254 4741 reparandum,
1280 4682 1360 4741 atque
1382 4671 1568 4728 vivificandum
1586 4675 1692 4730 uenisse
1711 4675 1737 4729 in
1761 4675 1861 4732 sirnili·

1065 4742 1157 4797 tudine
1168 4742 1257 4866 eqrnis
1270 4742 1380 4812 peceati,
1396 4744 1554 4800 sustinuisse
1563 4745 1641 4813 rurori,
1652 4747 1832 4804 resurrexisse
1843 4765 1862 4802 a

1065 4813 1178 4867 mortuis

1100 4882 1213 4940 CAPUT
1227 4883 1260 4936 V.
1271 4883 1341 4937 —7.
1358 4881 1439 4956 igitur
1452 4900 1512 4941 cura
1528 4885 1562 4942 de
1580 4887 1664 4943 libero
1679 4888 1790 4944 arbitrio
1802 4891 1861 4958 agi·

1065 4969 1135 5020 murs,
1149 4970 1203 5010 nou
1217 4955 1253 5010 de
1266 4965 1340 5025 parte
1352 4955 1467 5012 luoruiuis
1477 4958 1592 5029 agimus,
1603 4959 1650 5014 sed
1660 4959 1760 5014 detoto
1776 4962 1860 5031 :quia

1065 5041 1127 5082 eum
1143 5031 1262 5096 peccarit
1276 5027 1357 5082 irorno
1372 5029 1483 5096 primus,
1497 5044 1550 5085 ιιοιι
1563 5031 1591 5084 in
1605 5041 1679 5098 parte
1692 5030 1792 5102 aliqua,
1809 5031 1860 5086 sed

1065 5106 1130 5161 tota,
1144 5113 1195 5166 qua
1205 5097 1329 5152 conditus
1339 5107 1390 5164 est,
1403 5107 1496 5153 natura
1509 5100 1629 5172 deliquit.
1641 5099 1775 5171 Numquid
1785 5102 1863 5158 euius

1065 5167 1199 5222 interdum
1223 5183 1284 5224 cum
1309 5177 1411 5224 mutuor
1426 5171 1541 5226 solmam
1564 5171 1743 5238 nominamus,
1758 5187 1865 5243 corpus

1063 5247 1110 5293 aut
1134 5237 1258 5311 spiritum
1279 5253 1436 5309 separamus
1459 5241 1494 5296 ab
1507 5244 1618 5298 animat
1637 5242 1691 5298 but
1713 5259 1774 5298 curn
1802 5244 1863 5313 spi·

1065 5310 1148 5365 ritrrnr
1173 5309 1298 5376 dicimus,
1325 5311 1441 5368 animam
1467 5327 1624 5384 separamus
1648 5323 1678 5370 et
1697 5329 1795 5386 corpus
1821 5315 1862 5370 ab

1064 5379 1177 5452 spiritu?
1202 5381 1243 5436 uel
1272 5397 1332 5436 cum
1359 5397 1456 5452 corpus
1481 5385 1668 5453 appellamus,
1690 5383 1864 5456 seiungamus

1064 5453 1187 5524 spiritum
1201 5453 1372 5524 auirrmmque
1392 5469 1408 5508 a
1425 5455 1555 5526 corporei
1571 5455 1667 5514 vitiato
1685 5471 1750 5530 ergo
1771 5456 1861 5515 tibere

1096 5585 1231 5651 ¹rterique
1241 5585 1480 5648 ιιειιιιιιωιιιιιιιιι.

1095 5651 1182 5713 ¹tlss2,
1194 5648 1295 5698 ιιιιὲιαιιι.

1095 5712 1152 5762 ⁸i1.
1163 5718 1265 5770 elion..
1277 5724 1302 5762 ae
1313 5709 1611 5764 innominabilemque

1095 5773 1228 5824 ‘uenandi
1238 5780 1303 5833 uss,
1315 5781 1449 5846 quaereres
1463 5787 1547 5828 corma
1557 5785 1612 5840 quo
1624 5773 1651 5826 in
1666 5773 1711 5828 eir.
1722 5779 1751 5829 dt
1759 5773 1868 5844 qum

1064 5835 1152 5895 order,
1194 5842 1297 5887 erotus
1307 5848 1363 5895 nrroe
1370 5849 1396 5887 or
1406 5849 1449 5888 eas.

1097 5899 1162 5958 tepu
1230 5905 1293 5964 tiss,
1305 5897 1442 5952 ιιιιιιιιιιιιιιιι
