4009 6375
252 390 256 398 ·
280 374 349 432 tiss
599 366 722 428 ononis
740 364 945 425 lllPEllFECTl
963 362 1101 422 costus
1120 360 1298 433 tbttabtJtt,
1318 368 1347 425 S.
1367 368 1553 430 incussisti
1838 387 1903 447 mg

277 486 374 553 tentio,
390 484 434 539 iil.
455 482 480 549 l,
496 496 552 553 cop.
563 480 581 537 2
591 480 612 555 ).
636 480 707 538 Ecce
720 478 755 537 de
768 494 821 551 quo
835 489 958 551 tanquam
971 476 1006 532 de
1020 490 1069 531 suo
1125 484 1265 548 tacutuque
1279 480 1438 553 loquacitate
1452 486 1637 549 crudelitatem
1648 492 1732 552 vestri
1743 494 1821 569 liujus
1832 516 1904 560 erro-

275 577 371 635 lmtiee
381 576 502 633 diabolus
514 576 693 646 iruetumjure
702 573 852 643 decerpsit;
866 587 917 627 non
929 569 963 626 de
975 578 1070 625 natura
1123 568 1162 623 ris
1175 570 1349 642 obtegendam
1365 590 1424 633 esse
1437 578 1564 638 credatis.

275 685 354 739 quam
368 668 439 724 Deus
449 666 577 730 condidit,
591 665 636 723 sed
650 665 684 721 de
697 666 762 721 ritio
773 664 843 736 quod
856 664 914 734 ipse
928 661 1067 732 plantant.
1158 659 1248 719 Clllll.
1262 666 1321 721 luc.
1335 666 1411 738 Quod
1428 672 1533 743 quidem
1554 676 1648 735 ridens
1666 687 1760 738 eontra
1781 691 1808 742 te
1822 689 1907 747 valere

275 758 367 831 Neque
391 760 461 815 enim
488 758 534 829 qui
556 765 702 813 naseuntur
727 756 777 811 sub
799 762 925 825 peccato,
956 758 1068 823 possunt
1123 753 1276 824 plurimum,
1299 760 1374 829 quasi
1397 762 1455 833 ipso
1476 766 1631 823 testimonio
1651 768 1838 846 interrogatus,
1858 780 1907 838 Per

274 852 326 907 nisi
347 850 398 909 sub
415 859 525 908 auctoru
543 863 602 906 esse
616 848 735 921 peceati,
749 846 838 905 sinon
853 852 1026 902 renascantur
1040 844 1069 900 in
1122 844 1186 915 quid
1194 860 1260 915 ergo
1272 850 1373 917 paruuli
1384 850 1410 906 in
1424 868 1507 925 regno
1520 858 1750 919 suntadversariae
1760 874 1904 939 potcstatis,

273 944 392 1001 cqsqsqq,
1122 934 1146 990 sl
1161 935 1304 1007 Scripturae
1322 940 1458 1009 creditur,
1472 960 1697 1023 unumquemque,
1711 969 1772 1011 enm
1786 958 1905 1028 vincitur,

284 1022 286 1027 ’
308 1034 365 1089 CX.
373 1034 432 1090 lut.
440 1032 539 1091 Verum
549 1032 720 1104 suppleamus
726 1030 844 1087 breuiter
851 1028 1065 1100 responsionem,
1123 1030 1186 1083 lunc
1199 1042 1306 1086 sernum
1320 1045 1381 1089 esee
1399 1034 1526 1102 uictoris,
1540 1047 1568 1093 et
1580 1051 1683 1099 rottstat
1697 1044 1834 1103 infantiam
1852 1052 1907 1108 sino

273 1122 332 1198 quiae
343 1128 420 1196 capiti
432 1134 485 1193 tun,
500 1126 571 1198 quod
585 1141 665 1195 supra
679 1125 814 1196 posuimus
827 1120 903 1193 (Cap.
919 1120 976 1193 tt),
986 1117 1068 1175 debe·
1121 1128 1172 1174 usu
1182 1120 1293 1177 rationis
1305 1132 1334 1177 et
1343 1124 1486 1183 uoluntatis
1500 1144 1551 1185 nec
1564 1132 1707 1205 confligere
1721 1139 1848 1209 potuisse,
1861 1158 1907 1200 uec

278 1218 499 1275 tur.Constauter
509 1218 597 1290 ltaque
607 1217 770 1287 iideliterque
780 1212 1067 1285 respondeo,quianou
1122 1208 1241 1267 cederet
1253 1212 1329 1269 addis
1344 1214 1394 1288 (lle
1408 1215 1513 1289 Nuptiis
1531 1229 1556 1276 et
1572 1222 1797 1298 Concupiscentia,
1821 1231 1866 1286 tit.
1880 1234 1906 1300 i,

274 1306 442 1364 invideamus
459 1308 628 1364 liberatorem
644 1306 796 1363 homiuibus
815 1304 957 1361 Dominum
971 1302 1064 1359 lesum
1121 1314 1149 1355 n.
1164 1300 1192 1374 8)
1206 1318 1214 1357 ι
1232 1321 1242 1356 ι
1256 1302 1309 1359 Per
1326 1310 1511 1381 unumquippe
1523 1311 1649 1369 nominent
1662 1328 1790 1386 peceatum
1809 1322 1908 1379 intrarit

274 1398 427 1466 Christum3
448 1416 515 1472 quos
533 1400 726 1466 convenimus,
753 1413 788 1454 ne
809 1396 886 1454 robis
905 1394 1065 1463 eredentes,
1122 1390 1150 1445 111
1162 1395 1293 1463 mundum,
1304 1405 1327 1451 et
1341 1413 1384 1468 per
1399 1410 1528 1472 peecatum
1539 1420 1627 1473 mors,-
1639 1416 1664 1463 et
1675 1409 1712 1463 ito
1725 1408 1751 1464 in
1769 1416 1908 1469 omnnio·

273 1490 468 1548 emendationis
477 1490 663 1561 desperatione
677 1490 841 1563 irrugantur,
853 1498 880 1544 et
894 1485 1020 1567 recedant
1033 1486 1068 1543 ab
1126 1482 1206 1539 mines
1218 1488 1469 1560 pauentiumque
1481 1508 1742 1568 onmespecenoernnt
1758 1520 1768 1555 ι
1781 1500 1871 1574 (Rom.
1881 1521 1906 1573 r,

273 1583 424 1639 eruditione
437 1582 547 1651 Christi,
563 1582 639 1655 quasi
651 1598 682 1638 ea
696 1582 956 1653 praecipimusque
970 1594 1068 1651 capeto
1084 1570 1090 1579 ’
1121 1573 1179 1647 ti).
1196 1593 1206 1628 1
1223 1576 1269 1633 Sic
1284 1587 1327 1634 esi
1348 1588 1437 1637 aulem
1460 1582 1532 1640 ⁰0⁰⁸
1552 1590 1717 1647 ”millum
1728 1593 1868 1664 ⁰0¹ldffl⁰te
1882 1608 1908 1653 ut

274 1671 427 1727 mortalium
440 1680 533 1727 natura
546 1688 601 1728 non
615 1672 718 1744 possit,
734 1672 832 1744 quippe
844 1672 913 1727 malo
925 1680 1067 1743 aggravata
1121 1681 1216 1723 omnes
1227 1682 1260 1726 er
1272 1685 1327 1725 uno
1337 1679 1400 1727 eant
1415 1672 1442 1728 iu
1453 1675 1715 1751 condemnationem,
1730 1700 1842 1755 quorum
1858 1704 1907 1745 uon

271 1764 425 1835 qqngeffiqq
1119 1754 1200 1813 luerit
1211 1763 1406 1818 renascentium
1421 1763 1562 1825 liberator.
1576 1768 1635 1841 lpse
1654 1772 1751 1845 quippe
1764 1775 1853 1833 dictus
1870 1789 1908 1835 est

309 1854 377 1911 luc.
394 1852 485 1911 Sedet
506 1868 579 1911 mors
592 1853 731 1925 congenita
755 1862 814 1919 ests
838 1858 865 1909 et
884 1860 973 1907 tamen
987 1850 1022 1907 ab
1034 1864 1066 1907 ea
1120 1846 1258 1919 ilgoinsex
1273 1852 1367 1907 eadem
1381 1869 1468 1911 massa
1478 1856 1578 1915 iaciens
1588 1878 1645 1929 uas,
1658 1864 1731 1921 aliud
1741 1867 1768 1921 in
1778 1867 1907 1927 bonorem

272 1939 379 2009 liberat,
406 1944 452 2015 qui
476 1959 543 2017 quos
564 1944 622 2001 uolt
642 1946 758 2001 viviticat
780 1944 874 2017 (donn.
892 1956 921 2010 r,
943 1940 997 2015 2l)
1012 1940 1066 1999 :ad
1121 1940 1266 1997 secundum
1280 1942 1508 2035 misericordiam,
1523 1952 1596 2008 alind
1609 1954 1635 2009 in
1657 1960 1846 2016 contumeliam
1868 1979 1908 2018 so-

273 2048 352 2105 qucm
368 2034 467 2091 debent
481 2034 637 2107 coningere,
651 2035 696 2107 qui
708 2035 827 2091 volunta
842 2035 912 2091 malo
925 2032 1068 2105 congenito
1119 2032 1373 2106 cuodumjudielum
1386 2058 1398 2094 ι
1409 2038 1465 2113 (ld.
1475 2058 1514 2112 ιι,
1523 2043 1571 2117 st)
1581 2064 1589 2103 :
1601 2066 1611 2099 ι
1621 2048 1665 2105 cui
1677 2060 1767 2108 cantat
1778 2054 1906 2125 Ecclesia,

271 2124 396 2191 libcrari;
410 2125 480 2197 quod
495 2134 526 2181 ut
537 2125 643 2195 iaciant,
658 2124 719 2198 quis
730 2127 863 2193 attrabat,
881 2126 907 2183 in
924 2124 1067 2197 Erartgelio
1125 2124 1326 2186 llirerieordiom
1336 2132 1512 2205 etjodleinnir
1527 2136 1611 2210 (Prot.
1623 2156 1649 2207 c,
1662 2140 1701 2215 l).
1716 2144 1772 2201 lioc
1784 2146 1855 2219 qood
1870 2150 1909 2205 di·

272 2214 445 2290 iegequqq,
460 2218 518 2291 tq),
826 2222 829 2227 '
1119 2216 1470 2288 cis,perunumbominem
1485 2228 1599 2286 intrasse
1612 2240 1908 2309 peccatumquotesti·

306 2306 515 2367 cxt.tnc.sed
530 2316 639 2365 currant
658 2308 691 2365 ad
709 2324 769 2365 eum
785 2300 950 2381 quielumat,
969 2306 1067 2380 annm
1119 2311 1211 2366 rnonio
1242 2314 1362 2383 Apostoli
1390 2317 1564 2386 plurimorum
1596 2324 1789 2384 ineruditorum
1820 2336 1906 2386 tanuen

270 2416 354 2455 meum
367 2417 444 2455 nonne
455 2411 502 2467 ert,
518 2411 542 2455 et
555 2418 618 2455 onor
627 2412 711 2455 mrum
723 2400 775 2455 leae
785 2408 822 2455 ert
833 2400 939 2471 (llottl.
949 2414 987 2464 rr,
999 2395 1065 2471 itti:
1120 2412 1229 2471 pectora
1240 2407 1432 2474 commovistis,
1457 2410 1520 2467 licet
1539 2412 1565 2467 in
1587 2424 1682 2486 quarto
1702 2418 1771 2475 libro
1791 2420 1909 2480 breuiter

270 2492 316 2561 qui
330 2500 357 2547 et
368 2490 582 2547 malevoluntati
593 2490 958 2564 ¹reniamproiuaestimabili
971 2486 1067 2547 libera·
1119 2495 1254 2563 quomodo
1269 2497 1466 2568 intelligendum
1479 2507 1718 2565 essetostenderim
1730 2506 1907 2583 (dalforian-

270 2584 345 2639 litate
366 2583 494 2654 largitur,
508 2593 535 2640 et
547 2584 744 2651 innocentiam,
760 2598 839 2656 qrram
854 2593 929 2641 creat
948 2584 1063 2653 bonam,
1119 2581 1203 2657 dunt),
1218 2594 1306 2642 tamen
1316 2588 1456 2659 adjurante
1467 2590 1582 2663 Christo,
1593 2596 1621 2651 in
1633 2596 1683 2654 boe
1700 2614 1782 2670 opere
1802 2604 1908 2673 plenius

271 2662 334 2730 lacit
347 2672 498 2731 innovando
511 2672 717 2745 adoptandoque
732 2674 880 2730 meliorem.
1119 2689 1292 2746 exponemus,
1303 2679 1338 2734 ita
1348 2690 1378 2735 ut
1387 2680 1413 2737 in
1426 2684 1544 2740 seertndo
1553 2686 1631 2756 libro,
1643 2693 1829 2769 pretermissis
1837 2697 1907 2765 aliis,

272 2772 275 2779 ’
306 2763 434 2834 Aoolpsi
445 2764 649 2830 suutltomlnes,
662 2764 757 2836 quibus
772 2764 873 2821 inrides
884 2764 1065 2834 liberatorem,
1121 2763 1196 2822 loeus
1211 2766 1268 2839 ipse
1278 2771 1440 2841 apostolicos
1450 2786 1576 2833 contexto
1589 2794 1640 2835 suo
1654 2782 1810 2855 plenissime
1822 2786 1909 2844 disse-

270 2842 338 2927 quos
351 2854 450 2911 habere
465 2855 607 2923 malum,a
628 2870 683 2928 quo
702 2854 860 2925 liberentur,
882 2872 973 2929 negas.
995 2858 1067 2925 Quo·
1118 2867 1202 2915 mtrrr.

270 2944 350 3002 modo
371 2961 437 3017 ergo
457 2954 611 3003 constanter
631 2947 798 3018 lideliterque
817 2948 980 3019 respondes,
994 2948 1066 3020 quod
1153 2950 1221 3035 doc.
1240 2950 1281 3007 dd
1292 2952 1319 3008 id
1328 2953 1399 3025 quod
1408 2954 1435 3012 in
1448 2966 1543 3028 quarto
1553 2959 1622 3017 libro
1632 2967 1680 3018 tuo
1689 2962 1806 3023 breuiter
1815 2978 1908 3025 osten·

270 3052 323 3093 non
338 3038 478 3094 invideatis
491 3038 662 3095 liberatorem
682 3038 836 3096 bominibus
857 3038 996 3096 [lominum
1016 3040 1088 3097 le·'
1118 3040 1191 3098 disse
1211 3050 1237 3100 te
1260 3043 1337 3113 dicis,
1362 3048 1390 3103 in
1412 3057 1491 3105 serto
1509 3057 1601 3109 nostro
1622 3052 1669 3112 tibi
1686 3068 1847 3128 responsum
1870 3071 1910 3118 est

269 3143 328 3184 som
346 3128 497 3196 Christum
510 3142 571 3185 cum
585 3130 673 3201 potius
683 3128 855 3202 pertinaciter
874 3138 901 3185 et
921 3130 1066 3187 iuideiiter
1117 3133 1230 3206 (Contra
1252 3132 1397 3208 loliorum,
1421 3140 1465 3197 lii.
1489 3144 1516 3210 6,
1538 3160 1566 3200 n.
1586 3146 1631 3214 ts,
1654 3148 1728 3222 sqq.)
1742 3168 1749 3206 :
1763 3152 1835 3226 qtrod
1864 3168 1909 3210 aa.

268 3231 347 3290 ngas,
366 3234 400 3275 ne
416 3219 450 3275 ab
468 3219 589 3276 illosalri
611 3219 669 3276 ilerl
690 3219 835 3278 credantur
855 3221 976 3291 parvuli,
996 3222 1066 3278 elom
1117 3234 1173 3283 tem
1193 3229 1220 3283 in
1241 3227 1292 3285 ltoc
1310 3245 1392 3302 opere
1410 3232 1555 3305 polliceris,
1570 3250 1632 3293 eum
1652 3239 1764 3300 reddere
1782 3245 1908 3317 coeperis,

269 3312 371 3365 saltum
391 3307 455 3366 iacit
474 3310 600 3381 populum
619 3324 697 3366 suurn
716 3325 731 3366 a
747 3310 864 3380 peccatis
877 3325 985 3376 eorum:
999 3325 1065 3384 bro·
1117 3315 1154 3374 ibi
1166 3321 1292 3391 quamsis
1305 3323 1461 3396 vaniloquus
1474 3328 1621 3398 apparebit.

268 3410 331 3472 pter
341 3402 411 3476 quod
424 3416 496 3470 eum,
511 3401 658 3473 Evangelio
669 3401 803 3474 loquente,
823 3401 964 3458 didicimus
974 3403 1067 3474 appel·
1153 3409 1244 3467 cxii.
1263 3410 1322 3470 Juo.
1342 3413 1392 3470 llic
1403 3426 1491 3474 autem
1503 3420 1619 3477 breviter
1632 3423 1827 3494 admonuerim,
1840 3445 1910 3502 quo-

269 3491 352 3549 latom
371 3507 431 3548 esse
443 3491 532 3548 lesum
548 3491 603 3566 (ld.
615 3507 633 3559 ι,
650 3489 717 3564 illi
731 3491 789 3549 lion
808 3493 887 3562 igitur
905 3493 1003 3550 dooere
1015 3509 1065 3565 po·
1116 3502 1190 3558 uiam
1203 3503 1343 3576 suffragari
1359 3507 1405 3564 tibi
1419 3523 1472 3564 nou
1485 3512 1616 3581 potestati
1626 3515 1829 3584 clossenteutiu
1842 3536 1910 3576 con·

267 3583 357 3640 teritis
368 3583 538 3640 liberatorem
551 3581 685 3638 Gltrlstum
699 3597 748 3638 1111
760 3581 914 3640 bominibus
931 3584 1066 3640 1111111111·
1118 3593 1305 3661 ilrmationem,
1326 3613 1407 3670 quam
1428 3603 1516 3657 omnis
1533 3606 1658 3674 eruditio,
1679 3610 1767 3665 orrtuis
1784 3612 1864 3678 ratio,
1885 3620 1911 3670 et

268 3674 351 3743 dere,
367 3675 427 3746 qaia
447 3673 572 3746 parrrdos
595 3689 648 3730 non
667 3687 729 3731 csse
749 3671 874 3732 homines
891 3675 965 3732 trullo
984 3675 1065 3733 moti·
1117 3681 1161 3741 lex
1174 3687 1221 3741 Dei
1239 3689 1373 3746 convincit
1387 3689 1593 3763 iniquissimam.
1611 3695 1730 3770 Diligens
1747 3715 1812 3772 ergo
1826 3702 1911 3759 lector

269 3767 382 3839 potestis
395 3766 547 3823 ostendere.
1117 3774 1237 3832 intendat
1251 3777 1322 3848 quod
1335 3783 1522 3851 pronuntiasti,
1537 3784 1620 3842 ileum
1633 3803 1693 3844 esse
1708 3787 1836 3848 faetorem
1853 3811 1910 3850 ma*

306 3855 385 3914 Cilll.
400 3857 459 3914 lou.
477 3857 599 3914 Demiror
620 3859 711 3929 itaque
724 3873 819 3916 ausum
833 3867 860 3916 te
871 3859 952 3918 luisse
962 3875 1065 3934 ponere
1118 3867 1222 3936 lrurrrm3
1237 3882 1264 3926 et
1277 3873 1343 3927 tales
1353 3889 1413 3929 eum
1424 3874 1550 3944 condere,
1565 3880 1610 3950 qui
1624 3879 1681 3936 sine
1692 3883 1781 3956 aliquo
1793 3888 1912 3957 proprie

270 3949 462 4014 testimonium,
475 3948 643 4018 quodicitnr,
656 3949 678 4003 Α
689 3952 813 4020 quoenlm
826 3952 882 4022 quir
894 3953 1005 4009 doletur
1017 3961 1063 4022 cot,
1118 3961 1215 4018 merito
1232 3962 1376 4020 uoluntatis
1394 3977 1456 4024 cant
1480 3968 1507 4024 in
1526 3970 1776 4030 condemnationem
1798 3991 1912 4048 prorsus

264 4037 330 4094 *nure
340 4047 364 4093 et
376 4053 462 4093 rernm
478 4037 596 4092 addictor
607 4047 643 4092 ert
656 4038 689 4111 (ll
701 4037 771 4094 Pete.
782 4055 811 4106 ιι,
823 4041 879 4113 le).
891 4043 967 4109 Quod
979 4044 1066 4099 maol·
1117 4066 1221 4108 purnes.

271 4125 417 4184 festissirne
437 4141 489 4196 pro
510 4127 589 4182 nobis
608 4128 686 4192 lacit,
710 4131 891 4186 afficientibus
911 4147 964 4188 11111
986 4141 1066 4204 titisse
1153 4147 1220 4203 Aoo.
1237 4146 1293 4204 lloc
1308 4148 1362 4205 dixi
1379 4151 1459 4222 :quia
1476 4153 1538 4210 lacit
1555 4150 1691 4213 homiuum
1709 4167 1850 4229 naturam,
1865 4159 1913 4234 qui

264 4227 433 4290 ’(111111111111111
446 4218 788 4287 0111011111111111ῘῙ1Ι1010,
799 4222 993 4295 1111ῑ111111111111
1004 4236 1066 4298 illidi
1108 4237 1182 4309 ¹vitio
1195 4237 1259 4294 unali
1277 4251 1353 4307 srttrt,
1368 4242 1437 4314 quod
1457 4241 1514 4316 ipse
1533 4262 1585 4302 non
1600 4247 1677 4316 lecit;
1692 4259 1720 4306 et
1731 4252 1765 4308 de
1782 4269 1835 4326 quo
1853 4255 1913 4326 ipse

271 4321 407 4368 certamen
422 4309 567 4365 voluntatis
582 4311 708 4382 degeneri
726 4311 863 4370 deditione
876 4321 1065 4386 superatum
1117 4324 1186 4382 benc
1202 4327 1273 4396 lacit,
1289 4330 1368 4386 etiarn
1382 4347 1442 4387 com
1458 4335 1589 4393 uralisuut
1605 4338 1726 4397 homines
1744 4357 1810 4413 quos
1821 4343 1911 4400 lacitt

271 4414 299 4461 te
310 4413 401 4461 autem
411 4404 533 4474 usurpari
550 4419 604 4460 uon
617 4405 728 4474 debuit,
743 4409 784 4464 eui
799 4408 972 4466 veliementer
983 4425 1064 4482 repo·
1118 4421 1179 4490 quia
1193 4421 1220 4476 in
1234 4432 1360 4492 quantum
1374 4423 1495 4482 ltomiues
1508 4439 1579 4496 eunt,
1595 4445 1647 4486 uon
1662 4431 1688 4487 lu
1702 4443 1829 4504 quantum
1845 4437 1914 4492 mali

272 4505 347 4566 goat,
360 4495 533 4566 persuadenti
547 4497 573 4551 in
586 4511 670 4568 regno
679 4499 845 4558 diaboliesse
857 4510 1007 4569 nascentes,
1018 4505 1065 4574 qui
1118 4520 1189 4579 suunt,
1204 4528 1251 4569 eos
1263 4513 1336 4572 lacit.
1350 4513 1443 4587 Neque
1456 4518 1528 4575 euim
1542 4535 1603 4576 vasa
1618 4522 1645 4577 in
1657 4525 1850 4584 coutumeliam
1865 4527 1915 4586 ilo-

272 4589 330 4644 tine
344 4589 479 4644 uoluntate
496 4590 602 4661 propria
622 4592 754 4648 neerincl
770 4595 870 4665 utique,
885 4608 936 4651 nco
951 4609 1065 4667 peceare
1117 4612 1188 4670 rent,
1203 4604 1254 4660 nisi
1268 4605 1330 4661 mali
1343 4616 1454 4664 esseut:
1470 4611 1515 4682 qui
1530 4619 1618 4669 tamen
1633 4630 1679 4684 per
1693 4625 1813 4673 naturam
1827 4635 1913 4690 quam

272 4686 428 4750 potuerunt.
1117 4696 1198 4753 iacit¹
1213 4697 1295 4766 ileos,
1309 4699 1400 4772 utique
1415 4701 1477 4758 boni
1491 4712 1570 4771 subtr
1584 4705 1646 4760 mali
1660 4716 1749 4764 autem
1760 4711 1913 4767 secundum

309 4771 377 4828 loo.
391 4771 463 4841 Quos
475 4771 541 4829 dieis
559 4783 699 4832 nascentes
713 4789 765 4834 nee
782 4778 871 4848 rinei,
892 4793 942 4838 neo
958 4787 1064 4841 certare
1117 4787 1220 4856 uitium,
1236 4787 1307 4859 quod
1321 4797 1414 4846 contra
1427 4799 1547 4847 uatruam
1561 4793 1679 4864 quidem,
1694 4795 1742 4852 eed
1757 4805 1845 4855 tanum
1862 4816 1913 4855 ιιι-

272 4863 402 4934 potuisse,
417 4863 510 4920 abillo
524 4866 653 4939 originem
667 4868 819 4937 ducunt,in
833 4883 991 4942 qooomttes
1001 4885 1065 4945 peo-
1118 4888 1184 4934 tune
1205 4879 1301 4936 insevit
1318 4879 1458 4948 iulnaicus;
1473 4890 1502 4938 ut
1513 4899 1546 4940 ex
1565 4883 1616 4940 lroc
1629 4897 1700 4942 esset
1715 4897 1808 4945 natura
1823 4891 1911 4955 mala,

272 4961 401 5010 caverunt
414 4972 421 5010 :
434 4955 479 5026 qui
491 4957 588 5024 lrotuo,
602 4959 673 5032 quod
687 4969 728 5016 est
740 4961 814 5031 pejtts
826 5003 834 5028 ,
848 4962 907 5018 sine
919 4966 1064 5022 certtmloo
1118 4969 1169 5026 lunc
1182 4980 1240 5038 est,
1258 4970 1343 5026 malus
1362 4970 1452 5027 lrorno.
1470 4973 1528 5029 Non
1547 4975 1618 5030 euim
1638 4983 1725 5047 potest
1743 4993 1805 5035 esso
1824 4981 1913 5036 ullnnt

274 5047 360 5102 uictus
375 5054 426 5102 est.
441 5043 582 5105 i‘uiteuim
596 5051 691 5115 Adam,
704 5062 732 5108 et
746 5054 772 5107 in
785 5053 829 5107 illo
840 5053 936 5110 luimus
948 5069 1062 5114 omnen:
1117 5063 1215 5117 mulum
1231 5062 1281 5118 nisi
1296 5063 1323 5118 lu
1338 5061 1428 5134 aliquo
1442 5062 1530 5131 bono;
1544 5067 1672 5137 quianon
1686 5079 1773 5140 potest
1784 5086 1844 5127 esse
1858 5073 1913 5129 uisi

272 5137 352 5208 periit
368 5137 463 5206 briam,
477 5149 504 5196 et
522 5139 548 5195 in
564 5140 609 5196 illo
620 5157 715 5198 omues
730 5144 865 5214 perierunt
875 5145 1002 5218 (Andron.
1017 5149 1062 5204 tit.
1117 5156 1144 5213 in
1162 5155 1251 5226 aliqua
1272 5164 1365 5211 natura
1380 5176 1388 5213 a
1402 5159 1489 5213 onmis
1507 5169 1595 5214 autem
1613 5167 1721 5229 natura,
1737 5161 1764 5216 iu
1780 5175 1914 5234 quantum

272 5221 329 5286 'lin
344 5228 408 5285 Luc.
428 5247 486 5303 cop.
502 5227 546 5299 tt,
561 5249 587 5289 n.
609 5229 689 5307 bil).
707 5234 792 5292 Sinite
808 5249 873 5308 crgo
885 5241 1010 5309 parrulos
1021 5241 1063 5297 in·
1116 5258 1210 5303 natura
1223 5255 1274 5314 est,
1287 5246 1386 5304 bouum
1399 5258 1451 5306 est.
1466 5247 1611 5322 Diligenter
1622 5253 1760 5320 attendite,
1773 5257 1915 5325 qrmmodo

273 5321 358 5379 ueniri
372 5321 406 5379 ab
418 5337 461 5389 en,
477 5324 521 5394 qui
543 5325 615 5380 uenit
635 5339 756 5396 quarere
769 5327 840 5398 quod
855 5329 968 5399 petierat
980 5329 1060 5400 (boe.
1115 5339 1248 5406 dicautur,
1262 5356 1321 5412 quoe
1336 5343 1408 5397 velut
1426 5341 1557 5399 contraria
1577 5343 1647 5400 inter
1663 5359 1694 5401 se
1707 5346 1758 5402 dici
1772 5347 1913 5413 unientur,

269 5425 331 5482 xix,
352 5413 397 5488 11))
415 5433 422 5470 :
438 5415 554 5487 alioquin
575 5417 745 5475 liberatorem
764 5419 865 5486 lesum,
890 5423 1017 5493 qtrortlam
1034 5432 1062 5481 et
1115 5440 1142 5489 et
1156 5446 1208 5486 nou
1221 5441 1283 5488 suut
1294 5451 1302 5488 ι
1313 5431 1335 5487 si
1347 5439 1499 5489 tamennon
1512 5433 1617 5504 ponitus
1628 5435 1699 5490 lurno
1711 5435 1831 5508 superbae
1841 5452 1914 5494 con·

272 5505 323 5577 ipsi
335 5508 457 5566 lromiuos
467 5518 539 5576 suut,
550 5525 660 5582 prorsus
668 5511 821 5570 hominibus
831 5514 963 5584 invidetis,
979 5531 1063 5587 quan·
1116 5517 1241 5579 tentionis
1254 5524 1345 5580 oeulos
1360 5523 1521 5594 perdidistis.

1150 5615 1229 5672 cxv.
1244 5615 1304 5672 lou.
1317 5616 1356 5672 de
1370 5631 1404 5673 ne
1419 5617 1583 5673 nesciremus
1593 5619 1605 5650 ¹
1617 5617 1651 5674 de
1664 5634 1716 5689 quo
1728 5627 1848 5690 tempore
1866 5620 1913 5677 lo⁴

217 5707 223 5716 ·
266 5697 279 5722 ι
305 5675 363 5732 'sle
380 5683 560 5741 truntedtti.
577 5685 1062 5752 mtnuuunmnmunnsnercrncm
1288 5751 1292 5760 ¹
1446 5748 1452 5761 ,

271 5745 454 5798 &tumultuin
464 5749 658 5802 ubmtattmunr
670 5754 693 5802 in
704 5753 894 5816 scriptattrliaul,
907 5751 1062 5818 legobetlroc
1148 5751 1235 5824 ¹trliti,
1247 5751 1314 5815 seret.
1326 5759 1392 5826 utos,
1402 5750 1470 5814 foce.
1794 5813 1799 5822 Ι
1828 5811 1833 5824 .

280 5817 324 5870 pso
334 5805 395 5868 loen,
405 5807 446 5870 pttt'
457 5815 480 5861 el
490 5807 551 5862 unte
562 5809 641 5869 attenti
652 5813 752 5863 tentam.
1147 5815 1236 5874 truita,
1248 5827 1279 5865 oc
1288 5825 1319 5866 ιιι
1329 5826 1454 5866 sermm
1465 5811 1626 5863 meudautur
1638 5825 1670 5863 ex
1682 5819 1860 5876 ttunuaertptts.
