4009 6375
132 338 198 395 fid'f

126 452 234 517 doctus,
246 464 333 523 mea
344 459 372 507 et
381 450 462 506 latina
475 449 564 521 lingua
574 447 759 504 scholasticus.
771 448 848 503 Prius
858 464 922 521 crgo

147 537 208 576 narn
231 522 395 593 impietatem
415 520 515 589 Pelagii
536 520 563 573 in
586 534 615 573 se
636 519 762 588 aperiret,
786 518 874 573 clarus
896 522 923 575 in

127 539 286 646 auctoribus
304 592 432 646 Ecclesiae
451 588 501 644 fuit
512 608 519 643 :
530 598 623 661 postea
641 604 706 643 rere
719 603 781 643 cum
799 589 923 644 baeresim

128 662 229 733 Pelagii
244 660 410 725 defenderet,
421 660 528 729 seripsb
539 660 666 713 arirersns
678 659 785 713 beatum
798 659 921 729 Angusti-

127 748 192 786 num
213 734 427 803 impugnatorem
448 730 518 783 illius
539 730 621 783 libros
636 738 765 811 quatunr;
784 730 924 785 etiterum

129 802 214 856 fibros
229 810 300 855 octo.
315 801 362 856 Est
374 810 403 857 et
412 802 480 857 fiber
491 799 670 854 mercationum
683 799 821 854 amborum
836 802 924 869 parte's

128 886 192 927 snas
213 871 413 927 defendentium
438 870 487 942 (ol.
507 869 556 924 iiic
583 868 703 923 Julianus
724 871 923 941 eleemosynam

129 953 253 1011 tempore
275 941 352 997 famis
375 952 401 996 et
423 941 551 1011 angustia·
565 938 743 1010 indigentibus
756 954 923 1011 praerogans,

129 1013 230 1067 ntnltos
249 1012 428 1068 arriserationis
450 1012 555 1080 specie,
572 1011 705 1079 praecipue
722 1010 921 1079 religiosomm,

129 1083 255 1148 illiciens,
278 1082 374 1137 iimresi
395 1097 451 1136 suae
470 1081 591 1137 sociarit.
614 1080 725 1135 bforitur
739 1080 924 1136 Valentiniano

129 1152 281 1207 Constantii
295 1153 349 1208 blio
362 1154 521 1223 imperante.

129 1260 294 1313 ιιιιιιιτιιι,
309 1261 334 1301 m
347 1259 543 1302 ceuuumromu
555 1258 769 1301 suinvorrrrormtt
781 1258 805 1299 ιιι
816 1258 924 1301 scotera

445 1351 546 1391 ιιιιιιιι
559 1332 608 1408 (l).

167 1447 192 1501 f.
207 1444 273 1501 ttae
285 1455 364 1517 atque
378 1444 508 1517 ejusmodi
524 1443 649 1519 [capitula
670 1442 821 1517 Pelagiana]
840 1445 919 1500 etiam

130 1514 248 1583 fullano,
264 1526 291 1571 ct
304 1518 408 1572 caeteris
422 1518 480 1587 ejus
493 1515 764 1585 commanipularibus
778 1514 918 1585 placuere:

129 1603 192 1657 quaa
205 1603 266 1642 cum
282 1587 386 1658 cognita
397 1597 475 1657 atque
489 1585 603 1647 detecta,
619 1584 798 1640 ecclesiastica
812 1586 924 1641 fuissent

130 1673 192 1712 cum
203 1658 319 1727 praefatis
329 1658 448 1727 personis
457 1656 573 1729 [Pelagio
585 1654 923 1729 ctCoelesrin1aucturitate

129 1728 274 1792 damnata,
296 1728 424 1782 librorum
448 1742 553 1798 qunque
575 1727 765 1781 nutrierositate
778 1725 812 1779 ab
826 1728 921 1781 cotem

129 1798 238 1853 Juliano
252 1796 360 1853 defensa
382 1806 461 1864 sunt,
482 1798 631 1867 placuitque
651 1796 674 1852 ei
697 1811 757 1850 curn
770 1796 879 1868 Pelagio
893 1807 921 1851 ct

129 1870 258 1925 Coeicstin
271 1869 297 1923 iu
309 1868 480 1923 attaminatione
493 1868 598 1923 tertium
612 1867 755 1921 numerari.

163 1940 193 1993 2.
209 1939 285 1994 'lune
306 1948 397 1993 comm
413 1939 528 2008 pueriles
552 1952 632 1993 ausus
645 1937 703 2007 rjus
717 1946 817 1993 sancte
830 1952 921 1993 recor·

129 2008 247 2064 dationis
270 2011 432 2078 Arrgrrstinus
454 2010 595 2077 episcopus
620 2007 731 2062 diversis
757 2010 922 2076 temporibus

128 2081 253 2135 diversos
272 2080 390 2135 condidit
405 2078 497 2145 libros,
511 2094 542 2135 et·
558 2080 653 2148 quibus
667 2078 790 2133 nrrrnibus
802 2079 921 2133 Julianus

128 2167 213 2205 urrrrrrr
237 2150 271 2205 de
292 2150 395 2205 dnolms
410 2150 494 2219 primo
508 2158 627 2217 tertrpore
640 2148 673 2201 ad
691 2148 822 2203 Valerium
843 2151 921 2205 editis

129 2222 221 2291 elegit,
236 2221 279 2275 cni
290 2232 403 2289 rpranmr
414 2220 489 2275 libris
501 2235 515 2273 a
527 2234 556 2275 se
566 2218 600 2273 ad
610 2218 782 2273 'turbantium
792 2218 921 2276 absolutis

128 2291 328 2347 contradiceret
344 2290 379 2363 (c)
390 2308 396 2343 ε
408 2290 529 2359 sequenti
544 2304 608 2344 rcrn
622 2290 666 2343 uni
681 2299 742 2343 octo
757 2289 857 2344 ultimis
871 2308 919 2343 rn-

129 2361 275 2419 fuminibus
284 2361 318 2415 ad
329 2362 349 2415 F
351 2363 437 2417 lorum
447 2361 552 2417 emissis
559 2359 728 2429 respondisse
739 2372 768 2415 se
776 2360 919 2432 jactatfrf);

129 2432 234 2502 fingens
255 2432 353 2485 tarrritns
375 2432 432 2502 rjtm
455 2431 539 2485 sancti
562 2430 610 2483 riri
633 2444 714 2500 super
735 2430 784 2485 bac
805 2446 835 2485 re
854 2432 921 2487 alios

127 2503 282 2557 elaboratos
293 2502 398 2571 penitus
411 2501 541 2572 lgm-rare.
555 2501 656 2568 Quibus
668 2511 729 2555 octo
744 2500 844 2555 ultimis
857 2500 921 2557 bor-

128 2574 183 2627 rida
195 2573 357 2643 loquacitate
367 2584 502 2643 evagatus,
513 2571 643 2626 disertum
655 2585 684 2626 se
693 2571 776 2641 magis
785 2580 920 2627 ostentare

127 2653 154 2698 et
167 2644 282 2697 sciolum
297 2643 406 2707 rolens,
430 2652 489 2713 pust
511 2641 713 2697 innurucrabilin
737 2642 918 2698 curtriciornru

128 2713 245 2782 probm,
262 2728 322 2783 qrrae
342 2715 367 2767 in
382 2723 503 2768 sanctum
517 2712 709 2783 supradictum
724 2714 809 2766 virum
824 2724 864 2766 est
876 2712 918 2784 ja·

128 2783 244 2849 culatus,
261 2784 318 2839 irrec
331 2783 518 2854 impudenter,
534 2784 587 2837 imo
598 2782 653 2852 jam
673 2783 753 2852 impie
775 2782 919 2840 defendere

127 2870 208 2909 ausus
223 2862 280 2918 est,
293 2870 381 2923 quma
400 2854 507 2925 Pelagio
524 2853 701 2924 t'celestioque
715 2868 775 2908 eum
790 2852 817 2908 in
831 2854 920 2923 pemi-

129 2925 228 2979 raiciem
243 2939 318 2978 suam
331 2924 456 2979 didicisse
466 2925 588 2995 superius
601 2923 806 2979 roeummrimus
818 2941 824 2977 :
835 2940 919 2994 quam·

126 3010 228 3064 quam,
251 2996 320 3049 sicut
331 2996 385 3064 jann
407 2995 538 3064 prioribus
552 3001 666 3065 quatuor
679 2993 769 3059 libris,
784 2993 877 3049 eadem
891 3004 918 3049 ct

126 3080 235 3135 semper
246 3067 339 3121 eadem
348 3066 467 3129 solvens,
478 3073 506 3120 et
515 3065 616 3119 nuilunr
627 3064 772 3135 prudenter
780 3064 919 3122 inv-eniens

126 3138 249 3199 exitum,
277 3136 379 3207 injuriis
402 3144 429 3192 et
450 3136 619 3192 contumeliis
643 3135 728 3220 magis
749 3136 919 3194 membranas

127 3221 174 3262 scu
188 3211 312 3275 cbartas,
328 3223 407 3277 qnam
421 3208 473 3262 ulla
488 3207 549 3263 fruet
563 3214 636 3262 recta
648 3217 752 3261 ιιιιοιιι
764 3206 916 3276 ιιιιηιιιιιι.

128 3278 233 3333 Etcum
248 3277 307 3334 bac
318 3293 422 3332 summa
431 3278 559 3333 brevitate
570 3276 797 3346 etScripturarum
811 3287 918 3332 saucta-

126 3364 186 3404 rum
201 3358 283 3419 atque
302 3347 451 3403 dirimrnnr
471 3347 627 3403 auctoritate
648 3355 719 3402 esset
732 3346 845 3416 quaestio
858 3363 919 3416 per·

127 3421 279 3486 tractanda,
302 3417 443 3488 plurimam
462 3417 512 3474 sibi
533 3418 673 3474 distortam
693 3425 722 3470 et
742 3417 850 3472 omnino
864 3435 916 3473 nrm

126 3491 307 3544 necessariam
332 3489 498 3558 loquacitatis
519 3488 678 3559 conscripsit
700 3486 857 3548 materiam,
884 3488 917 3544 ιιι

126 3575 178 3631 qna
198 3569 226 3614 et
248 3559 328 3630 impia
343 3560 468 3625 cuderet,
491 3567 519 3612 ct
532 3573 639 3628 prorsus
651 3566 743 3628 egeret
754 3556 830 3612 nibil.
844 3556 916 3614 Nubit

125 3630 198 3685 enim
212 3631 282 3700 agit,
296 3630 341 3700 qui
357 3629 485 3698 irripietati
500 3643 517 3685 o
551 3642 608 3684 rant
621 3638 710 3684 navat.

161 3703 189 3756 3.
203 3701 317 3756 Sanctus
328 3709 415 3756 tamen
427 3713 498 3770 sape
528 3701 596 3755 lctus
605 3698 745 3769 episcopus
755 3697 917 3770 Augustinus

126 3785 173 3826 sex
193 3771 250 3826 suis
264 3771 339 3826 libris
356 3779 470 3840 quatuor
481 3770 551 3824 iliius
564 3769 667 3839 priores
680 3769 776 3824 evertit
789 3772 839 3840 (el,
855 3779 918 3824 octo

126 3856 234 3911 quoqne
251 3841 413 3911 posteriores
434 3841 544 3908 stragulis
568 3838 786 3910 responsionibus
806 3841 862 3894 suis
883 3839 917 3894 ad

127 3912 230 3981 singula
247 3911 362 3980 capitula
384 3910 513 3981 subjectis
529 3909 579 3982 (f),
599 3926 632 3965 ac
650 3909 690 3965 sic
709 3923 791 3964 raons
807 3909 866 3978 ejus
886 3925 931 3966 ac·

128 3982 267 4052 plumbens
279 3983 408 4053 pugiones
417 3981 514 4036 malleo
525 3979 663 4036 carnotina
672 3981 791 4035 veritatis
801 3981 914 4047 obtudit,

126 4053 180 4108 inm
191 4051 333 4123 confregit.
349 4051 426 4118 Quod
448 4051 586 4124 utriusque
607 4066 674 4121 opus
694 4065 755 4105 cum
770 4051 796 4104 in
812 4063 917 4106 rrtrstma

126 4139 221 4178 marrus
241 4124 375 4188 venisset,
398 4121 459 4192 quia
483 4130 537 4177 tota
561 4135 663 4177 sunrma
686 4120 767 4191 inepti
787 4129 814 4175 ιι
833 4121 917 4190 magis

127 4193 197 4263 impii
214 4193 312 4249 Juliani
328 4193 426 4248 laboris
439 4191 474 4246 ad
494 4207 574 4247 unam
594 4205 701 4262 pravam
715 4191 799 4261 redigi
814 4192 917 4246 ridetur

127 4265 305 4325 sententiam,
329 4281 339 4313 ι
351 4263 437 4319 Adae»
452 4263 575 4317 uidelicet
590 4273 635 4316 ret
649 4261 711 4316 Erre
727 4263 915 4331 transgressio·

127 4349 185 4388 nem
199 4349 248 4390 eos
262 4348 316 4388 nori
332 4331 426 4388 fecisse
440 4333 583 4396 mortales;
599 4347 649 4388 nec
664 4346 759 4387 noxam
776 4347 869 4387 corum
882 4333 915 4388 ad

126 4417 248 4473 posteros
261 4404 403 4474 originaria
418 4403 588 4458 successione
601 4403 739 4468 transisse,
756 4406 812 4458 sota
826 4411 915 4461 autem

126 4477 272 4530 tentatione
283 4475 390 4529 iliorum
403 4473 450 4544 qui
463 4473 551 4528 dit-ina
569 4473 692 4528 mandata
705 4474 914 4542 contempserit,

126 4545 191 4600 ellici
213 4560 292 4602 reum
305 4563 311 4598 :
326 4565 336 4596 ι
360 4543 412 4599 boe
431 4559 507 4614 ergo,
530 4553 558 4597 ut
576 4544 648 4609 diri,
672 4552 756 4598 totum
774 4558 843 4613 opus
854 4559 915 4599 cunt

124 4617 269 4670 studiosius
279 4615 463 4686 perlegissem,
475 4614 591 4670 breviter
602 4631 650 4684 pro
661 4624 810 4670 nostrarum
820 4614 914 4668 uirium

125 4685 248 4741 laenitate
265 4685 497 4740 subnotationibus
518 4700 550 4739 er
565 4685 641 4739 libris
653 4684 726 4754 ejus,
743 4683 846 4738 ubiubi
865 4699 914 4754 op·

123 4758 272 4826 portunitas
292 4758 389 4826 exegit,
412 4754 550 4826 appositis,
573 4771 622 4825 ego
643 4769 749 4826 quoque
772 4755 913 4823 respondi:

123 4843 173 4895 quo
185 4829 274 4882 lector
286 4837 346 4895 post
361 4827 426 4881 tanti
450 4825 537 4880 Patris
558 4835 586 4880 et
605 4825 724 4894 magistri
738 4825 844 4892 tubam,
863 4840 913 4880 no·

122 4907 203 4952 stram
217 4898 300 4952 etiarn
315 4897 446 4965 palearem
462 4895 577 4950 fistulam
598 4911 649 4950 raon
668 4903 823 4964 aspernatus
837 4909 915 4949 assu-

123 4983 206 5034 mere,
219 4977 275 5022 tota
289 4964 697 5036 intelligatbrevitatefufianum
708 4967 734 5018 in
746 4965 915 5021 elaborandis

123 5038 349 5095 numerosissimis
357 5037 430 5092 libris
438 5038 544 5092 irrancnr
557 5044 585 5092 et
597 5038 702 5106 plenam
717 5037 804 5106 potins
813 5036 916 5107 iactau-

151 5259 188 5322 (o)
203 5264 285 5322 ipsum
295 5263 335 5308 est
346 5256 470 5320 Angtmbul
564 5254 743 5319 imperfectum,
757 5267 807 5320 quo
819 5254 915 5307 refellit

123 5331 165 5370 ser
207 5323 401 5381 ‘uresexsupra
410 5315 504 5368 dictisli
536 5317 727 5368 isocmtuliani.

163 5383 178 5431 b
197 5382 257 5431 tide
266 5380 394 5432 exordium
402 5393 483 5442 supra,
495 5379 542 5429 col.
554 5378 697 5430 teeti-tetta.

163 5457 176 5493 c
203 5443 470 5505 tufiauiupusprimum
482 5440 668 5504 librosquatuor
675 5441 802 5490 ιιιιιιιιιιιι
811 5441 915 5504 scriptos

125 5513 204 5555 onoma
211 5503 299 5554 librum
311 5504 414 5566 primum
423 5503 456 5552 de
466 5503 557 5565 ttrrptiis
568 5511 594 5553 et
603 5503 806 5564 concupiscentia,

154 5565 191 5626 (d)
206 5565 387 5629 uqustusdem
398 5571 546 5627 postremum
557 5564 671 5614 librorum
679 5561 914 5614 oemeonuattbrnm

126 5628 255 5678 emarcum
264 5628 299 5676 de
309 5627 400 5687 subdis
408 5632 435 5675 et
446 5625 651 5688 coucupiscentia.

165 5701 178 5737 e
203 5687 513 5752 augustiniopusqrimum
522 5685 742 5736 mrrmatubanum.

169 5693 192 5811 i)
207 5758 271 5813 oqms
289 5748 422 5799 secandum
437 5757 520 5798 eontra
532 5749 654 5810 eundem,
672 5749 737 5812 quod
755 5747 854 5811 reliquit
867 5748 912 5796 im-

131 5816 263 5869 mrtoemm.

239 5894 354 5959 Surrcr.
378 5898 515 5956 Auersr.
539 5896 579 5955 X.

291 301 299 321 ¹
399 326 503 384 ldillb
521 318 664 381 SCRU'TA
679 334 727 391 nti
745 332 930 393 illSTOilidbf
947 336 1216 396 estaGttttOittttt
1236 340 1477 403 esnttttsttttt.

1695 348 1764 405 li'd8

980 450 1022 506 tiae
1045 464 1105 505 cum
1126 467 1229 509 summa
1244 454 1379 525 impietate
1392 473 1499 529 operam
1514 460 1691 532 impendisse,
1709 474 1762 519 etc.

1012 522 1038 575 f.
1052 520 1128 576 Tune
1149 532 1248 579 sanctas
1270 540 1301 579 ae
1323 525 1408 581 beatur
1427 530 1618 587 recordatiouis
1638 534 1764 591 lfemnris

975 591 1092 673 episcopi
1108 592 1193 647 tiliusl
1207 604 1233 648 tu
1248 593 1360 650 lullanae
1372 598 1504 667 primarire
1525 602 1647 668 semime,
1670 613 1762 675 etqua

976 661 1042 743 nabrf
1058 660 1196 717 honestius
1212 665 1280 719 inter
1296 669 1523 723 reverentissimos
1536 682 1670 729 matronas
1684 675 1761 732 inre-

975 746 1043 811 nras,
1056 740 1132 787 utero
1143 733 1250 789 editus?
1263 736 1347 799 Absit,
1362 737 1446 801 absit,
1463 748 1491 793 ut
1505 742 1550 796 tibi
1573 744 1640 799 istud
1653 744 1764 801 credere

975 802 1256 859 ausru1.lfernularum
1267 814 1394 860 teeorum
1407 808 1493 875 potius
1502 812 1658 869 crediderim
1667 816 1762 875 fllium,

975 872 1194 943 suppositumque
1204 875 1268 942 iliis,
1279 883 1307 929 ιιι
1316 892 1387 943 saepe
1400 878 1496 933 dicitur
1507 880 1612 945 factum,
1622 887 1725 955 etquntl
1735 895 1764 941 tu

975 945 1064 1065 potius
1084 951 1155 997 tanta
1169 946 1223 999 oris
1239 946 1274 999 tul
1288 948 1433 1015 petulantia
1447 958 1473 1003 et
1487 950 1649 1007 obscenitate
1662 970 1761 1026 appro-

986 1025 1040 1095 aas:
1052 1022 1096 1067 aut
1110 1014 1132 1068 si
1148 1014 1173 1069 id
1189 1028 1241 1070 non
1256 1016 1322 1084 erit,
1336 1015 1513 1087 degenerasse
1526 1021 1584 1077 illos
1597 1023 1623 1076 in
1638 1032 1679 1091 te,
1696 1028 1761 1081 nulli

974 1081 1085 1137 dubrurn
1101 1084 1170 1167 crit,
1191 1086 1235 1155 qui
1260 1096 1365 1141 sanctos
1387 1089 1491 1143 illorum
1508 1090 1644 1147 bominum
1659 1110 1761 1160 urmes,

975 1163 1094 1208 ιιιιιιιιιι
1119 1164 1214 1223 vitam,
1240 1156 1440 1228 institutumque
1465 1172 1612 1228 noverunt,
1636 1171 1763 1237 tuumque

975 1236 1127 1279 sermonem
1148 1225 1174 1279 in
1198 1227 1303 1296 scriptis
1326 1227 1397 1282 bisce
1419 1231 1565 1299 prudenter
1588 1232 1763 1305 inspexerint.

974 1293 1092 1362 qurrnm
1105 1310 1168 1350 sane
1179 1304 1237 1367 post
1246 1297 1346 1351 obitum
1357 1308 1508 1354 sanctornm
1520 1301 1657 1359 bominum
1668 1307 1765 1363 merito

976 1373 1002 1417 tn
1014 1364 1079 1419 duas
1089 1379 1195 1421 sorores
1204 1374 1262 1422 tuas
1271 1368 1367 1422 talibus
1376 1370 1522 1440 disciplinis
1531 1374 1567 1427 tui
1577 1374 1632 1431 nris
1640 1376 1762 1433 erudisti.

974 1433 1115 1500 Novimus,
1129 1437 1251 1492 norimus
1260 1437 1322 1508 quid
1334 1439 1380 1493 tibi
1391 1454 1441 1493 tina
1452 1456 1553 1509 earurn,
1570 1458 1630 1501 eum
1645 1453 1671 1501 ιιι
1685 1448 1764 1503 ιιιιιιιι

974 1519 1084 1561 severus
1099 1507 1125 1559 in
1140 1505 1198 1577 ejus
1212 1508 1313 1562 ruinam
1330 1509 1440 1577 pudoris
1455 1512 1619 1579 insurgeres,
1635 1516 1766 1585 objecerit

975 1576 1016 1630 vel
1036 1575 1249 1646 exprobraverit:
1271 1586 1351 1649 atque
1372 1591 1399 1634 tn
1420 1591 1507 1635 naritus
1524 1582 1596 1639 illico
1610 1600 1663 1641 non
1683 1602 1765 1643 ausus

974 1660 1004 1770 Ιιι
1017 1646 1126 1702 ulterius
1140 1660 1260 1703 censura·
1272 1656 1324 1703 tue
1337 1650 1403 1705 ullas
1417 1651 1502 1707 dolori
1518 1654 1575 1725 ejus
1589 1654 1690 1714 inferre
1703 1674 1764 1715 tne-

984 1718 1079 1785 cstias,
1094 1726 1146 1773 etc.
1496 1720 1503 1735 '

1010 1787 1037 1843 5.
1053 1786 1120 1843 Avidi
1134 1804 1204 1845 nune
1216 1796 1244 1845 el
1255 1796 1301 1855 tu,
1316 1790 1402 1861 etqui
1417 1808 1460 1848 me
1478 1802 1506 1849 et
1524 1801 1551 1850 te
1562 1794 1704 1867 dignanter
1714 1798 1764 1855 ba·

974 1856 1079 1912 iruerint
1100 1859 1188 1931 legere
1201 1902 1207 1921 ,
1232 1860 1295 1929 quid
1309 1871 1402 1917 contra
1417 1864 1487 1920 bime
1499 1878 1607 1921 sensum
1623 1876 1696 1923 turum
1712 1871 1764 1926 inr-

974 1928 1131 1996 piissimum,
1146 1930 1340 1999 pravissimum,
1356 1934 1623 2003 impudentissimum,
1639 1940 1762 2009 petulan-

974 1999 1122 2067 tissimum,
1137 2016 1198 2071 quaa
1210 2002 1273 2055 oiim
1295 2002 1352 2071 ipse
1366 2006 1587 2073 prommtiaveris,
1610 2008 1637 2062 ιιι
1651 2010 1762 2079 epistula

973 2068 1096 2125 uidelicet
1110 2079 1171 2133 tna,
1196 2086 1275 2141 quam
1290 2074 1323 2127 ad
1339 2074 1434 2129 sedem
1451 2076 1623 2145 apostolicam
1638 2079 1682 2134 illo
1696 2089 1763 2136 tenr-

973 2154 1037 2208 pore
1051 2155 1132 2195 ausus
1146 2156 1176 2197 es
1194 2142 1314 2206 mittere,
1328 2145 1433 2213 quando
1448 2159 1594 2202 enarremus
1608 2149 1762 2208 detrectasti

973 2226 1033 2264 cum
1050 2212 1172 2267 universa
1198 2212 1314 2268 Ecclesia
1337 2230 1383 2285 per
1406 2226 1490 2271 tutum
1512 2218 1604 2273 orbem
1627 2220 1762 2290 Pelagium

972 2279 1180 2351 Coelestlumque
1203 2281 1348 2349 darnmre;
1371 2301 1430 2354 quo·
1453 2296 1593 2357 antequam
1618 2290 1643 2343 in
1667 2306 1762 2349 nranns

973 2362 1071 2406 stinctae
1086 2353 1156 2407 iilius
1168 2350 1296 2407 Runrane
1314 2354 1441 2411 Ecclesiae
1459 2359 1563 2413 veniret
1577 2360 1717 2422 antistitis,
1735 2374 1762 2419 ts

972 2431 1067 2491 agente
1083 2436 1096 2475 a
1113 2424 1247 2478 nonnullis
1262 2438 1275 2477 a
1292 2432 1317 2479 te
1329 2425 1448 2497 deceptis
1468 2442 1516 2497 per
1531 2438 1614 2484 totam
1627 2445 1696 2501 pene
1710 2432 1762 2487 bn·

973 2490 1034 2546 liam
1057 2493 1212 2548 circumlata
1236 2502 1294 2557 est,
1317 2504 1344 2549 et
1367 2505 1490 2566 tanquam
1513 2514 1637 2569 nragrmm
1662 2503 1760 2575 aliqnirl

972 2562 1116 2644 nutritorum
1129 2563 1238 2619 nuribus
1251 2563 1385 2620 insinuata
1399 2569 1577 2637 cognoscitur.
1594 2570 1632 2625 lbi
1648 2586 1761 2644 uanique

972 2641 1150 2689 interemtam
1165 2634 1202 2689 ita
1222 2634 1361 2703 aianni
1380 2646 1422 2692 est
1441 2638 1522 2707 igitur
1539 2650 1672 2710 assertor,
1691 2645 1762 2715 quod

972 2717 1058 2773 neque
1077 2718 1126 2774 per
1144 2713 1257 2759 ritortem
1279 2705 1344 2761 Adae
1363 2722 1442 2762 otone
1455 2722 1538 2778 genus
1551 2708 1689 2768 bominum
1705 2729 1759 2769 rno-

971 2775 1065 2837 riatur,
1080 2790 1165 2843 neque
1180 2790 1227 2845 pcr
1239 2779 1462 2833 resurrectionem
1477 2779 1574 2836 Cbristi
1588 2796 1668 2838 omne
1695 2798 1762 2841 enus

971 2842 1108 2899 bortrinurn
1123 2852 1260 2914 resurgat,
1283 2854 1376 2902 contra
1397 2849 1554 2917 Apostolum
1577 2854 1658 2909 sentit
1671 2798 1759 2911 rituam

972 2922 1036 2982 tem,
1051 2914 1123 2970 Sicut
1135 2916 1163 2969 in
1175 2916 1258 2969 Adoro
1273 2932 1360 2972 enarrer
1370 2920 1528 2985 arumnorum·
1538 2922 1574 2975 ito
1587 2932 1610 2976 et
1622 2924 1649 2978 in
1661 2924 1760 2982 Cirr-istc

970 3000 1058 3040 enarres
1071 2986 1264 3055 vivificabuntur
1282 2986 1393 3058 r(1Cor.
1409 3004 1457 3057 xv,
1469 2990 1527 3062 ιι).
1544 2992 1592 3048 ιιιι
1604 3008 1654 3062 qua
1667 2994 1759 3054 fraude

970 3066 998 3110 nt
1010 3070 1063 3125 quo
1077 3056 1139 3111 doio
1154 3072 1222 3126 qnos
1236 3071 1329 3113 omnes
1341 3057 1415 3114 dicas
1430 3070 1456 3115 et
1469 3064 1579 3127 scrinias,
1596 3064 1717 3119 norimus
1731 3079 1758 3124 et

972 3133 1109 3191 tenemus,
1123 3126 1246 3182 videficet
1260 3142 1311 3181 non
1326 3143 1421 3185 nutries
1433 3132 1542 3185 omnine
1556 3131 1693 3202 homines,
1709 3136 1761 3194 boc

970 3203 1021 3262 est,
1037 3207 1119 3252 totum
1136 3211 1219 3268 genus
1230 3197 1392 3264 burrianum,
1409 3201 1456 3255 sed
1473 3202 1521 3256 bus
1534 3217 1627 3260 omnies
1642 3207 1685 3275 qui
1698 3207 1759 3262 imi-

971 3276 1069 3322 tatores
1083 3267 1146 3322 bdru
1163 3281 1222 3322 esse
1242 3268 1374 3323 voluerint
1386 3285 1393 3322 ι
1406 3279 1432 3326 ιι
1449 3289 1458 3322 ι
1473 3285 1521 3340 per
1537 3278 1759 3334 resurrectionem

969 3336 1100 3404 Cbristl,r
1118 3337 1187 3420 qnod
1202 3336 1245 3392 iile
1260 3338 1403 3408 Apostolus
1415 3341 1493 3409 dixit,
1511 3357 1623 3400 «omnes
1636 3361 1759 3405 resurre-

969 3416 1071 3474 cturos,
1084 3425 1093 3459 r
1117 3407 1240 3462 steriliter
1257 3409 1315 3464 siue
1329 3409 1409 3466 dubio
1422 3411 1496 3467 diem
1511 3429 1622 3471 neccsse
1634 3427 1691 3484 est,
1706 3435 1760 3474 non

969 3492 1050 3532 ornne
1064 3492 1175 3549 prorsus
1192 3493 1276 3548 genus
1297 3479 1442 3537 bertrannum
1458 3494 1668 3542 resurrecturum
1683 3504 1759 3558 esse,

969 3547 1017 3604 sed
1030 3551 1212 3604 tantummodo
1223 3549 1309 3619 justos
1329 3561 1356 3606 et
1370 3563 1496 3621 sanctos,
1511 3555 1555 3624 qui
1568 3555 1665 3613 Cbristi
1678 3560 1759 3630 justi-

970 3620 1033 3674 tiam
1043 3626 1071 3674 ct
1083 3619 1247 3674 sanctitatem
1259 3619 1355 3677 fuerint
1364 3623 1472 3690 imitati;
1485 3639 1544 3680 cum
1554 3635 1658 3684 constet
1667 3645 1759 3687 omnes

969 3690 1079 3745 rrnmino
1101 3699 1298 3746 resurrecturos
1315 3707 1375 3747 esse
1397 3709 1444 3762 per
1465 3695 1616 3764 Cirristum,
1638 3701 1782 3770 qrtamvis'

969 3761 1037 3814 alios
1049 3761 1081 3815 ad
1095 3777 1109 3814 r
1144 3775 1216 3823 rrum,
1231 3758 1298 3816 aiios
1311 3763 1342 3816 nd
1355 3763 1492 3832 judicium.

1005 3832 1031 3884 ll.
1047 3775 1180 3885 stadiis:
1195 3828 1277 3885 rfurc
1291 3831 1370 3902 igitur
1382 3833 1556 3903 improbatur,
1568 3837 1612 3908 qui
1624 3837 1686 3895 lauic
1696 3855 1758 3896 sen·

969 3901 1059 3955 tentire
1070 3900 1238 3967 ctrrrtradicit,
1253 3915 1312 3971 quar
1325 3903 1371 3967 ait,
1385 3901 1437 3956 Per·
1452 3905 1578 3960 bominem
1588 3925 1665 3977 mors,
1677 3922 1700 3965 et
1714 3929 1759 3982 per

969 3972 1095 4025 imminent
1109 3971 1258 4026 rerurrectio
1268 3985 1424 4028 rurortuoratn
1433 3973 1513 4042 (fbid.
1527 3976 1583 4046 st).
1596 3977 1671 4048 ilem,
1682 3979 1759 4051 Quod

969 4051 1107 4112 peccatum
1121 4041 1185 4096 briae
1199 4043 1285 4114 ipsum
1298 4045 1385 4099 solum
1405 4046 1483 4111 besil,
1499 4055 1526 4100 et
1540 4063 1594 4103 uon
1611 4065 1694 4120 genus
1707 4053 1758 4108 bo-

968 4126 1087 4168 manum.
1103 4111 1136 4166 fit
1150 4111 1207 4168 baec
1225 4114 1389 4180 sententiar
1407 4116 1504 4186 inquis,
1523 4131 1558 4172 ra
1572 4120 1648 4176 nobis
1662 4125 1757 4180 merito

967 4182 1107 4237 refellitur.
1130 4181 1187 4238 Non
1209 4183 1281 4238 enim
1304 4185 1355 4240 soii
1374 4185 1436 4255 ipsi,
1460 4188 1507 4243 scd
1527 4191 1618 4257 generi
1641 4189 1759 4250 bunrano

967 4252 1086 4308 obfuisse
1108 4253 1271 4310 credendum
1291 4265 1363 4311 est.»
1380 4257 1413 4311 iit
1434 4256 1478 4312 bic
1500 4260 1562 4328 qnid
1585 4275 1665 4332 agas,
1685 4266 1759 4320 salvo

968 4323 1027 4391 tibi,
1042 4331 1072 4378 ut
1087 4333 1173 4393 putas,
1187 4337 1267 4380 seusu
1282 4335 1327 4380 tuo
1340 4327 1499 4397 pravissimo
1511 4337 1538 4384 ct
1552 4333 1755 4402 tortuosissimo,

968 4396 1051 4450 latere
1073 4409 1122 4450 nos
1145 4411 1196 4450 nun
1219 4397 1419 4466 potuisti:quia
1442 4397 1502 4469 ipsi,
1529 4408 1558 4454 ut
1580 4400 1619 4454 ris
1638 4402 1756 4472 docere,

967 4465 1089 4535 quamvis
1100 4467 1175 4534 pauci
1189 4466 1214 4520 in
1228 4467 1426 4538 consparatiouc
1439 4469 1519 4524 totius
1530 4471 1646 4540 generis,
1661 4471 1756 4530 fronia-

967 4551 1031 4589 rrum
1045 4542 1108 4590 sunl
1121 4549 1213 4604 genos.

1004 4607 1029 4658 t.
1046 4605 1129 4668 item,
1149 4623 1159 4657 r
1173 4605 1248 4671 Quod
1273 4604 1406 4672 infantes,
1424 4625 1434 4660 ι
1450 4606 1556 4678 inquis,
1573 4627 1584 4662 ι
1599 4608 1625 4666 in
1639 4626 1672 4668 eo
1684 4623 1755 4672 statu

967 4676 1029 4740 sint,
1042 4673 1068 4729 in
1090 4689 1143 4744 qno
1158 4674 1242 4732 Adam
1256 4675 1304 4733 fuit
1326 4685 1388 4732 ante
1409 4681 1670 4750 prevaricationem,
1689 4686 1756 4743 inter

968 4745 1173 4816 indiciplinatas,
1192 4763 1202 4797 ι
1218 4747 1278 4812 ais,
1296 4765 1305 4798 r
1322 4755 1416 4816 reputo
1427 4749 1596 4817 quaestiones.
1610 4751 1667 4808 Non
1682 4759 1754 4812 enirn

968 4816 1114 4886 peremnia
1134 4817 1160 4870 in
1173 4831 1206 4872 ee
1220 4827 1289 4873 statu
1308 4826 1386 4882 sunt,
1409 4819 1452 4888 qui
1466 4829 1612 4876 nascuntur
1624 4821 1713 4892 hodie,
1730 4831 1755 4884 in

967 4901 1020 4954 quo
1031 4885 1114 4940 ddum
1128 4887 1176 4942 fuit
1187 4897 1248 4944 ante
1278 4897 1412 4952 occatum;
1424 4891 1544 4958 quamvis
1560 4904 1586 4947 et
1605 4893 1670 4950 istos
1689 4913 1757 4970 opus

969 4957 1016 5013 Dei
1029 4972 1099 5024 esse,
1113 4957 1183 5012 sicut
1196 4967 1223 5012 et
1242 4903 1296 5021 ttie,
1317 4957 1407 5029 negari
1429 4975 1482 5014 uon
1495 4963 1588 5031 possit.
1607 4980 1617 5015 r
1632 4964 1716 5034 Quem
1730 4980 1758 5025 er

967 5027 1012 5083 bic
1024 5037 1120 5082 statum
1140 5027 1213 5082 dicas
1232 5038 1258 5083 et
1278 5031 1387 5093 seritius,
1406 5028 1490 5095 salvo,
1508 5041 1535 5086 ut
1545 5033 1684 5092 arbitraris
1695 5039 1751 5101 tibi,

968 5113 1049 5154 sensu
1071 5107 1124 5163 tun,
1139 5098 1239 5167 optime
1252 5099 1384 5165 norimus,
1406 5114 1458 5154 nou
1473 5101 1537 5157 Adae
1552 5103 1674 5162 videlicet
1692 5119 1755 5164 ante

968 5177 1115 5238 peccatum,
1133 5167 1179 5222 sed
1192 5169 1341 5240 exiguitatis
1351 5179 1379 5225 et
1388 5171 1523 5240 parvitatis
1537 5174 1563 5228 in
1577 5189 1629 5243 qua
1641 5192 1756 5232 nascun-

968 5246 1011 5294 tur
1024 5239 1145 5305 iniantes,
1157 5247 1208 5294 etc.

1003 5307 1030 5364 8.
1046 5307 1110 5363 itum
1123 5307 1275 5375 subnectis,
1292 5308 1375 5366 Adam
1394 5311 1475 5368 etiam
1489 5313 1626 5368 mortalem
1643 5314 1753 5381 factum,

967 5379 1012 5450 qui
1027 5379 1081 5434 sive
1092 5389 1224 5448 peccaret,
1239 5379 1296 5434 sive
1308 5395 1361 5434 non
1379 5393 1517 5450 peccaret,
1532 5383 1625 5438 fuisset
1644 5389 1756 5443 moritu-

967 5464 1013 5504 rus
1026 5466 1034 5506 τ
1049 5465 1098 5505 ιιι
1110 5448 1160 5504 boc
1172 5463 1232 5505 esse
1246 5468 1256 5502 ι
1273 5449 1361 5506 dixisti
1378 5469 1387 5502 r
1406 5453 1508 5508 ratione
1519 5453 1671 5509 subnixum.
1692 5457 1758 5514 Cre·

967 5520 1082 5575 tiendum
1105 5529 1147 5574 est
1172 5521 1255 5587 enim,
1273 5537 1283 5572 ι
1311 5521 1414 5591 inquis,
1433 5541 1443 5575 r
1459 5523 1635 5578 immortalem
1648 5528 1755 5596 quidem

968 5590 1077 5655 facturn,
1096 5589 1143 5644 sed
1162 5591 1243 5662 quisi
1265 5607 1316 5646 non
1331 5601 1482 5661 peccasset,
1505 5609 1551 5662 per
1558 5604 1672 5720 (postam
1693 5597 1757 5666 ligni

967 5661 1029 5716 ritae
1045 5661 1168 5715 virtutem
1191 5672 1282 5733 posset
1308 5663 1512 5717 immortalitatis
1541 5679 1556 5720 a
1577 5665 1662 5735 ipisci.
1689 5668 1757 5726 Male

967 5730 1047 5795 igitur
1072 5731 1170 5786 dictum
1193 5741 1254 5800 cst,
1268 5734 1323 5788 sire
1336 5743 1472 5803 peccaret,
1487 5735 1543 5792 sive
1556 5751 1609 5790 ιιιιι
1623 5749 1757 5809 peccaret,

967 5801 1049 5856 luisse
1063 5803 1228 5870 moriturum,
1241 5821 1251 5854 r
1266 5812 1317 5857 etc.

1332 5895 1641 5980 (diequarte-cinq.)
